2930 4838
655 451 750 514 27*

140 636 239 706 uticem
258 645 344 708 'qnam
367 630 486 706 Spinouu
515 628 707 716 donnerithui
737 643 822 688 omno
839 627 1023 702 subjectivum·
1038 609 1213 694 modificatio·

139 755 207 797 nem
228 735 392 796 sutntanttea
414 733 521 800 divinae
544 732 681 806 rennuerit
695 731 890 806 ‘modumque
921 733 949 790 in
973 731 1053 792 deum
1075 743 1213 796 converte.

140 839 181 896 rit
209 837 318 904 alteram
346 835 568 898 naturaliatioam'
589 834 622 892 ad
650 851 731 908 quern
768 843 872 908 spectet
901 835 1081 910 Scheliingus,
1100 837 1215 928 eiusque
1320 829 1324 842 ’

141 939 264 1001 assuetae
286 940 387 1014 quippe
411 939 459 1012 qui
476 947 599 998 naturam
615 945 650 996 et
672 937 759 1000 deum¹
774 955 856 996 noum
879 937 1005 1012 idemque
1027 955 1088 996 esse
1110 939 1214 1014 praedi·

141 1048 234 1098 centes
255 1041 336 1098 deum
359 1039 507 1106 dissolvant
533 1048 675 1113 totumque
702 1040 833 1099 mundum
863 1042 1028 1098 conlaudant
1058 1041 1214 1101 absolutum

95 1213 97 1218 ¹
139 1157 213 1203 enee.
243 1136 270 1219 §.
294 1142 334 1200 72
356 1159 466 1217 quoque
488 1159 503 1202 e
531 1143 692 1216 pantheismi
714 1143 847 1202 sententia
869 1144 950 1208 deum
970 1153 998 1202 et
1018 1144 1149 1202 mundum
1170 1143 1214 1202 uel

139 1243 274 1302 muudum
296 1253 323 1304 et
342 1246 426 1304 deum
445 1245 516 1304 idem
540 1261 600 1304 esse
622 1245 710 1304 donet.
764 1276 766 1280 ·
1210 1314 1213 1325 Ι

236 1346 321 1414 ΙΑιπιο
350 1345 473 1420 proxime
488 1353 629 1418 ,sequente
656 1343 974 1420 poumgartten-crustas
1002 1345 1087 1404 edidit
1111 1343 1211 1405 librum

140 1439 307 1517 Etutettnng„
325 1445 423 1504 indes
446 1444 570 1502 Studium
592 1439 945 1522 derliogmatiir..§.14=
973 1445 1043 1512 „die
1065 1445 1212 1528 Naturrelif

142 1542 209 1615 gion
217 1547 234 1575 “
256 1545 344 1620 inquit
365 1545 454 1621 [eujus
473 1549 614 1621 proprium
637 1565 698 1606 esse
721 1549 825 1604 dixerat
853 1541 879 1624 ᾗ.
901 1547 949 1602 13.
994 1542 1146 1612 Unklarheit
1163 1549 1211 1606 des

141 1658 232 1716 urspr.
245 1627 530 1714 Setbpthewurstseins
544 1650 616 1707 ohne
635 1645 771 1722 Glanben]
794 1649 851 1716 „ist
866 1649 1030 1722 theoretisrh
1048 1667 1210 1724 gonommeu

141 1743 347 1815 Panthemus,
368 1749 506 1820 pruktiseh
526 1749 722 1823 durohgeidirrt
742 1749 968 1823 Polptheismus.“
1010 1751 1211 1812 Pantheismuut

143 1861 206 1904 oum
228 1847 405 1907 emunutismo
428 1865 486 1906 non
507 1849 728 1916 oontundendmn
750 1866 810 1909 esse
833 1851 912 1910 docet
940 1845 966 1928 ξ
992 1850 1040 1908 15.
1063 1871 1124 1910 oum
1148 1871 1209 1931 anti.

144 1947 171 2004 1.
212 1949 313 2020 ndjtatt
339 1951 415 2020 „und
436 1969 517 2010 wenn
534 1969 565 2010 et·
588 1952 756 2026 eontigerit
778 1953 805 2016 in
828 1954 877 2013 dor
891 1953 992 2010 Gestalt
1014 1953 1211 2027 geiundenhet-

139 2049 296 2118 aaseoou,
315 2052 360 2110 intr
388 2053 440 2122 den
468 2053 599 2126 lnhegritt
628 2054 678 2110 der
699 2053 919 2124 Ersoheinungen
948 2052 1072 2126 gantur
1094 2052 1209 2110 worden

139 2151 177 2208 ist
196 2169 227 2208 so
250 2153 297 2210 hat
319 2169 349 2208 er
367 2154 421 2210 den
436 2154 539 2210 Nomen
559 2153 618 2210 sich
639 2151 780 2211 filsehlich
800 2153 1028 2226 angemesstund
1051 2154 1086 2210 ist
1107 2153 1207 2226 rigent·

138 2249 194 2308 lioh
207 2251 360 2311 Atheismue
373 2256 529 2326 gewesen.“
571 2253 672 2310 Temen
686 2252 713 2310 in
730 2251 841 2320 eunde
852 2253 1040 2325 propositione
1054 2253 1104 2308 han
1126 2230 1210 2320 „man

137 2351 209 2411 tarn
225 2353 286 2411 eie“
307 2353 394 2427 inquit
414 2355 502 2424 „neoh
521 2355 612 2412 einem
632 2354 785 2412 bekaunten
806 2353 1063 2428 Spraehgebrauehe
1084 2355 1136 2412 deu
1152 2371 1207 2412 ma·

139 2455 335 2512 thematisehen
356 2455 543 2512 Pantheismus
566 2459 692 2514 nenneu“
715 2473 769 2530 quo
782 2456 859 2514 nihil
880 2457 954 2514 aliod
975 2474 1069 2527 revera
1096 2465 1207 2542 coutens

139 2555 166 2612 di
188 2557 253 2614 dioit
281 2557 333 2614 nisi
354 2558 435 2618 deum
456 2558 560 2623 nultum
581 2575 643 2618 esse
667 2560 853 2632 mundumque
871 2577 932 2618 esse
951 2577 1110 2632 supremum
1132 2557 1207 2632 quod

114 2659 231 2718 'existet
259 2677 313 2734 qne
343 2661 448 2718 ratione
477 2661 657 2733 philosophos
685 2660 818 2721 Eleatiooa
852 2661 932 2718 deum
962 2661 1092 2718 muudum
1120 2661 1205 2716 nomi·

134 2777 224 2818 neese.
267 2761 287 2816 11
309 2761 422 2834 proprie
443 2770 507 2818 ve'ro
531 2771 646 2836 utraque
669 2763 831 2837 pantheismi
852 2763 940 2822 forma
957 2763 1045 2836 magis
1066 2761 1203 2837 vulgarem

136 2863 282 2922 eese'diott
311 2858 338 2942 §.
364 2864 402 2922 to
431 2881 490 2924 eam
518 2883 589 2940 quae
615 2867 697 2924 deum
726 2866 844 2939 appattet
869 2874 1011 2934 „naturam
1033 2873 1203 2922 naturantem

136 2965 197 3024 eine
223 2967 436 3050 gesetarnttssige¹
453 2968 634 3030 maturrime
663 2985 734 3043 quae
762 2969 789 3024 in
811 2969 915 3026 neuris
936 2967 1080 3028 individuis
1099 2965 1203 3052 emola-

133 3075 178 3126 tur
197 3077 226 3126 et
253 3068 281 3126 in
302 3069 456 3128 animorum
485 3073 582 3133 ordine
602 3087 749 3146 personam
770 3071 905 3144 quendem
926 3071 1091 3156 adipiscatur
1115 3069 1204 3138 indui·

133 3178 194 3228 tam.
238 3171 296 3239 Qua
316 3173 450 3229 sententia
476 3189 533 3230 nou
555 3173 711 3234 necessario
742 3172 799 3230 tolli
827 3173 997 3247 singulorum
1019 3171 1201 3228 immortalite·

134 3279 196 3328 tem.
238 3271 315 3326 Hane
333 3273 495 3342 pantheinmi
514 3275 630 3332 formem
643 3275 776 3349 imprimis
790 3275 938 3334 adhaerere
957 3273 1131 3334 rationalistis
1154 3274 1201 3348 qui

132 3371 263 3440 dieantur,
285 3369 397 3430 atteram
418 3389 484 3430 vero
507 3389 568 3432 esse
582 3376 781 3448 Spinonismum
805 3376 854 3450 (ri.
870 3394 932 3434 ann.
948 3372 996 3452 2).
1007 3390 1123 3446 eumque
1137 3389 1200 3446 pro·

133 3475 299 3547 granniunem
320 3474 394 3532 iiiam
414 3491 472 3534 non
488 3479 669 3545 neeessariam
688 3495 748 3538 essa
761 3497 874 3554 ponere.
917 3477 1119 3534 Pantheismnm
1132 3489 1199 3548 ergo

132 3591 186 3634 uon
201 3593 262 3636 esso
276 3577 477 3652 Spioozinmum
498 3597 569 3654 quae
590 3589 705 3656 utraque
726 3581 843 3640 turmula
864 3579 940 3655 quod
960 3575 1199 3650 aMeudelssohuo

132 3687 238 3750 temper
259 3681 442 3740 contundatur
463 3684 646 3757 reprehendit

210 3779 264 3834 ¹ln
292 3784 434 3852 prooemio
463 3785 616 3858 theologiae
645 3784 812 3858 dogmaticae
839 3794 867 3840 et
893 3783 952 3856 ipse
972 3777 1199 3841 Seltleiermeohe·

132 3893 176 3938 tus
198 3885 295 3936 traetao
315 3883 514 3954 pantheismum
543 3901 575 3942 uo
602 3885 664 3941 loeo
687 3883 806 3956 quodam
831 3881 973 3938 recondito
995 3888 1026 3936 ut
1053 3879 1112 3951 ipse
1134 3872 1199 3939 dicit

133 3979 215 4048 iued.
238 3980 293 4052 alt,
323 3997 385 4040 eum
406 3983 477 4040 enim
499 4001 555 4040 non
577 3986 660 4040 artius
682 3985 818 4057 pertinere
840 3992 932 4040 censet
953 3983 987 4040 ad
1010 3990 1198 4062 argumentum
1244 4002 1247 4011 ·

132 4083 305 4153 propositum.
348 4085 377 4142 In
400 4085 486 4158 prima
510 4103 574 4144 vero
595 4085 712 4144 editione
734 4102 804 4158 quae
824 4101 895 4142 anno
912 4083 990 4144 1821
1011 4085 1038 4143 itt
1059 4083 1197 4158 publicum

133 4182 190 4240 data
217 4193 258 4246 est
284 4187 303 4246 1.
334 4207 360 4262 p.
391 4189 452 4248 618
489 4190 686 4264 pentheismnm
715 4181 933 4266 polytheistioum
960 4190 1032 4248 hund
1057 4205 1140 4268 sanus*¹
1165 4205 1196 4257 ae

66 4343 74 4352 ,
132 4283 363 4344 nonattreistteum
385 4306 467 4362 posse
495 4309 556 4351 esse
579 4293 780 4352 demonstravit.
824 4293 921 4350 't'otum
941 4293 1012 4352 enim
1031 4291 1106 4365 quod
1127 4289 1194 4346 done

134 4389 278 4463 appelletur
307 4401 334 4452 et
364 4411 446 4454 unum
477 4405 504 4454 et
531 4399 614 4458 multe
635 4417 703 4460 esne
729 4416 761 4458 uo
788 4398 908 4456 Ptetonte
934 4397 1003 4456 deos
1029 4401 1107 4452 natos
1132 4390 1193 4458 illos
