2930 4838
752 413 805 486 'ts

249 589 361 754 aso.
395 589 447 652 er.
476 573 574 652 mtto
598 577 666 668 γάρ
695 573 785 650 nen
817 569 841 665 ll
871 571 1331 680 insontumque-209

289 705 374 764 nnn.
527 735 532 744 .
1214 737 1217 746 ,
1450 711 1451 728 1

351 791 552 852 Panthelsrnorn
575 789 658 865 igitur
680 798 803 864 apertum
829 799 872 851 est
897 793 1126 858 monothelsmum
1155 810 1222 862 esse
1239 814 1326 882 aequ„
1450 835 1451 844 κ

249 895 406 972 oppositum
427 911 489 952 esse
509 902 536 952 et
555 893 735 968 polytheismo
758 893 805 967 qui
826 893 955 970 relinquit
976 897 1078 972 aliqoid
1090 903 1166 975 'qrrod
1180 909 1322 970 nondum

248 999 284 1058 sit
305 1005 331 1057 et
353 997 494 1055 atheismo.
545 995 640 1069 Neque
667 995 749 1068 liujus
778 1003 820 1054 est
848 997 953 1070 species
978 1015 1040 1058 nam
1067 989 1129 1062 οὒκ
1149 993 1221 1067 dou
1243 1003 1320 1070 nn.

225 1091 342 1182 ‘apopd
362 1090 546 1179 στερήσεως
566 1078 589 1180 ᾖ
611 1089 764 1177 στέρησις
785 1084 947 1158 ἀδύνατον
968 1091 1032 1184 ydp
1054 1091 1127 1185 εἴδη
1150 1091 1235 1168 εἶναι
1255 1107 1317 1172 τοῦ

246 1192 293 1283 μὴ
307 1185 403 1272 dnos
418 1181 490 1259 οἷον
505 1194 565 1279 τῆς
585 1185 733 1269 sinodico
754 1184 776 1278 ἢ
795 1191 857 1258 τοῦ
879 1187 1031 1283 ἆπυέρου
1052 1191 1168 1286 ὥσπερ
1188 1203 1314 1290 πτερώ-

246 1317 332 1374 oenrn
359 1295 416 1362 καὶ
443 1293 569 1362 ποδῶν.
623 1301 715 1358 Arist·
733 1294 813 1383 accpi
844 1295 935 1378 ζώων
960 1297 1099 1386 μορίων.
1121 1307 1144 1364 -Ι,
1166 1307 1194 1363 3.
1243 1309 1311 1367 Pan·

245 1406 376 1466 theismus
399 1404 481 1478 igitur
501 1413 577 1461 certe
596 1411 638 1461 est
655 1403 787 1460 theismus
809 1407 927 1479 quidem.
954 1406 993 1464 Gi.
1015 1407 1106 1466 mcum
1128 1407 1205 1482 quem
1224 1423 1252 1482 p.
1265 1408 1306 1468 tu

244 1507 437 1572 eSolrleierm.
459 1506 561 1566 christl.
585 1505 689 1564 Glauhe
717 1506 759 1564 ed.
781 1506 826 1566 alt.
849 1508 868 1566 l.
890 1525 918 1582 p.
942 1504 983 1566 54
1000 1509 1229 1583 transcripsimus.
1294 1532 1297 1546 ι

295 1655 298 1666 .
347 1609 486 1668 Sententia
509 1609 555 1666 illa
580 1608 693 1683 proprie
717 1597 897 1682 pantheistioa
916 1612 1004 1670 varias
1027 1630 1094 1686 quas
1114 1609 1195 1686 vulgo
1222 1612 1315 1672 imunt

243 1710 406 1788 pantheismi
427 1712 530 1770 iormas
550 1711 679 1770 metiendi
699 1713 770 1770 ratio
786 1731 853 1790 pum
873 1716 1002 1790 proclivis
1025 1717 1060 1774 sit
1086 1715 1206 1789 exempla
1226 1717 1260 1774 ad
1282 1716 1312 1774 il·

242 1811 410 1871 lustrandam
430 1811 653 1870 existimationem
676 1821 798 1870 nostram
819 1790 1058 1890 pauoa‘qnaedam
1077 1815 1219 1872 sufficient.
1253 1815 1312 1874 Pru

243 1929 290 1973 mo
311 1915 420 1988 qnidam
441 1915 527 1989 ipsius
547 1909 661 1972 ’lolan'di
688 1932 789 1988 nomen
811 1934 873 1974 cum
895 1918 974 1978 doum
993 1919 1108 1974 animan
1130 1916 1225 1972 mundi
1248 1931 1322 1980 esse.

242 2017 314 2075 dicat
340 2019 368 2074 in
404 2017 582 2092 pantheistieo
611 2018 646 2075 de
680 2019 894 2092 pantheistarnm
925 2019 1022 2080 tabulis
1054 2017 1223 2074 enimeudurn
1257 2023 1309 2075 esu
1347 2081 1355 2094 1

241 2117 321 2176 Hunc
350 2119 421 2176 enim
448 2135 552 2192 eosque
579 2135 674 2176 ornnes
701 2119 747 2192 qui
777 2119 858 2178 deum
886 2127 920 2178 ut·
937 2135 998 2180 cnm
1018 2117 1148 2174 Cicerone
1175 2113 1226 2190 (de
1252 2123 1309 2175 nat.

186 2285 191 2298 ι
241 2218 318 2278 deor.
339 2219 358 2275 l.
382 2219 436 2290 ll)
455 2217 555 2291 loquar
575 2219 712 2288 „animum
733 2223 866 2292 essepe'r
886 2228 1010 2291 naturam
1031 2235 1123 2276 rerum
1142 2233 1251 2274 omnem
1266 2217 1308 2274 in·
1330 2243 1339 2262 s

228 2327 345 2379 tentum
359 2329 386 2378 et
397 2325 612 2379 commeantem“
622 2321 678 2378 sive
692 2319 1121 2396 (ib.14)„,rntionom=quand,am
1134 2335 1307 2391 peromnem

187 2477 191 2484 ,
240 2428 364 2478 naturum
385 2437 477 2478 rernm
497 2421 675 2494 pertinentem
689 2423 715 2478 vi
728 2421 817 2480 divina
831 2437 894 2478 esse
909 2419 1050 2478 affectant“
1072 2427 1167 2492 putant
1187 2420 1306 2492 paralltol·

240 2527 296 2580 ntes
317 2522 457 2580 nominare
471 2523 517 2596 qui
537 2539 683 2597 possumus
698 2541 759 2582 oum
781 2521 849 2579 cleos
867 2519 913 2576 ille
934 2521 982 2594 qui
1003 2521 1039 2576 sit
1060 2529 1125 2588 „aut
1140 2519 1240 2578 infixus
1262 2529 1306 2582 ant

239 2621 346 2678 inlusus
366 2621 394 2678 in
415 2623 537 2680 mundo“
558 2619 608 2702 (ib.
626 2625 674 2680 ll.
698 2624 733 2682 ci.
748 2622 805 2680 l'ol.
821 2639 847 2696 p.
862 2621 896 2698 9)
918 2636 974 2678 non·
1000 2621 1035 2678 sit
1051 2635 1091 2676 ne
1111 2622 1230 2678 mundos
1250 2621 1304 2694 quin

238 2723 301 2782 dem
323 2724 473 2800 completus
494 2725 577 2784 immo
599 2727 761 2784 exadversus
788 2721 950 2794 „lusionem
969 2724 1148 2781 universam“
1162 2787 1164 2792 ¹
1178 2723 1228 2798 (ih.
1251 2716 1300 2791 15)

238 2825 311 2898 illam
337 2834 464 2900 tanquam
490 2829 689 2902 receptaculum
719 2827 856 2902 quoddam
878 2845 942 2902 pars
962 2827 1047 2885 altera
1069 2827 1163 2884 mnndi
1182 2837 1302 2896 necessaf

234 2927 279 2986 rio
300 2927 351 2984 sita
374 2928 417 2984 sit.
460 2927 549 2986 liniam.
565 2929 655 3002 quoad
683 2928 780 3002 aliquis
801 2928 877 3002 qnod
901 2926 1017 2986 eundm
1038 2927 1186 2985 lelandnm
1206 2925 1303 2982 secuse

236 3027 353 3085 vidimus
382 3028 463 3085 deum
488 3030 541 3086 vim
563 3047 696 3088 summam
724 3047 787 3088 esse
808 3037 918 3099 censet,
944 3029 1057 3091 minime
1080 3030 1120 3086 uti
1138 3029 1255 3085 Krnusns
1270 3033 1299 3084 ct

224 3129 500 3190 'Sohleiermaoherus
528 3131 689 3202 voluerunt,
712 3115 866 3206 pantheista
893 3131 1074 3189 nominandus
1097 3130 1200 3186 nonne
1226 3142 1297 3192 esso,

236 3241 278 3290 est
311 3233 385 3290 enim
399 3232 457 3290 illa
490 3234 565 3290 notio
592 3234 677 3290 relata
712 3234 844 3308 quaedam
873 3233 949 3307 quod
980 3233 1158 3308 philosophos
1184 3236 1306 3310 uterque„

234 3334 280 3392 hie
311 3333 370 3408 ipse
404 3333 470 3391 dixit
502 3334 536 3392 ri.
564 3334 698 3392 Krausum
727 3353 754 3408 p.
780 3335 833 3394 tu.
860 3335 879 3392 l.
903 3353 926 3393 c.
955 3344 983 3394 et
1011 3333 1168 3392 Sclrleierm.
1194 3330 1303 3388 dialem

233 3451 261 3510 p.
284 3435 343 3492 113
366 3443 431 3492 nota
452 3434 480 3490 in
501 3436 622 3509 margine
642 3437 774 3509 apposita.
817 3435 944 3494 undum
968 3451 1078 3508 quoque
1098 3449 1155 3490 non
1174 3438 1217 3490 est
1237 3446 1309 3504 pau--

232 3536 331 3594 tlreista
345 3554 406 3594 cum
424 3537 504 3596 deum
517 3539 661 3598 essentiam
679 3555 739 3598 esse
761 3539 832 3596 dicat
852 3539 896 3596 oui
917 3535 1001 3612 igitur
1014 3534 1153 3594 eristentia
1165 3533 1302 3607 quaedam

232 3641 348 3716 objacet.
390 3642 453 3699 llon
475 3641 583 3700 difficile
603 3652 646 3702 est
665 3644 725 3716 pori
745 3643 828 3700 modo
850 3641 1122 3702 teutarevsententias
1139 3639 1219 3698 alias.
1281 3652 1285 3680 t

334 3745 403 3802 Gom
425 3757 491 3801 vero
512 3746 697 3818 pantheismus
719 3747 831 3820 proprie
850 3747 886 3804 sit
905 3747 1052 3804 numeralis
1073 3757 1168 3808 omnes
1183 3739 1303 3816 quosne

232 3843 306 3903 lsrre
327 3845 418 3904 solent
438 3843 544 3902 formae
570 3845 629 3918 ejus
658 3846 749 3904 variae
778 3861 848 3920 quae
877 3860 933 3903 non
950 3848 991 3904 'od
1014 3843 1301 3920 quantitatem'nolne·

232 3961 349 4020 rumque
370 3946 547 4017 spectantia
570 3947 688 4004 essentia
712 3947 772 4020 ejus
793 3963 850 4004 non
870 3948 976 4020 positae
993 3946 1044 4004 sed
1065 3943 1217 4002 accidentes
1235 3943 1300 3994 sunt

232 4045 326 4118 quoles
347 4057 414 4102 seno
434 4045 604 4104 inveniuntur
625 4048 791 4109 innumerae.
833 4051 867 4105 At
881 4049 986 4122 speeies
999 4063 1070 4122 qnae
1089 4063 1121 4104 ex
1142 4045 1199 4116 ipsa
1214 4049 1303 4099 παν-

230 4137 290 4214 τὸς
309 4152 406 4200 natura
434 4145 583 4216 prolinnnts
596 4149 640 4206 hic
653 4151 785 4212 ,videntur
813 4151 1017 4224 pertractandae
1045 4165 1115 4208 esso.
1156 4140 1304 4202 Plenitudo

232 4251 322 4300 autem
349 4242 385 4298 de
411 4259 464 4315 qua
483 4243 686 4318 'disputavimus
714 4247 844 4320 bipartito
866 4256 923 4306 est:
950 4257 996 4306 out
1026 4249 1099 4306 enirn
1128 4255 1170 4304 est
1192 4241 1315 4314 simplem

232 4349 280 4398 att
294 4341 377 4420 ultra
398 4343 593 4420 conplectitur.
636 4327 725 4418 Qunre
745 4350 802 4408 duo
824 4350 942 4410 existunt
963 4351 1069 4424 species
1089 4345 1262 4424 pantheismi.
1279 4347 1303 4398 ,ζ
