2930 4838
653 525 656 532 Ἰ
678 484 699 547 ⁹

108 729 116 738 ⁸
157 662 210 722 hus
232 660 394 722 oeteharam
409 649 541 718 'taddeus
568 669 680 732 quoque
706 654 852 732 theologus
882 654 1081 716 ntusutssnnus
1103 655 1225 718 mauvis

147 743 229 820 ‘niro
249 779 329 835 quem
351 776 422 820 anno
450 759 533 820 1717
556 757 686 816 consen:
714 757 805 816 thoes
831 757 1002 832 theologicae
1029 759 1064 816 aa
1092 759 1224 818 asteismo

159 871 187 921 et
207 864 408 938 superstitione.
450 860 642 933 llisputatiouis
672 859 754 932 hujus
780 857 954 933 perspicienti
974 859 1141 918 latitudinem
1162 877 1224 918 sen·

158 963 257 1022 tentiae
277 970 422 1022 occursant
443 962 541 1036 quihus
564 961 598 1018 ad
619 977 678 1019 eam
696 975 766 1034 quae
786 969 850 1018 tnnc
868 961 974 1019 valebat
994 962 1155 1034 pantheismi
1176 979 1223 1020 no·

159 1064 260 1123 nonem
277 1065 420 1124 adhibetur
444 1064 535 1124 lumen
549 1063 696 1138 quoddam.
740 1062 866 1137 Legimus
886 1080 913 1136 p.
937 1058 1014 1120 165:
1035 1063 1140 1132 „luisse
1161 1071 1224 1120 aute

158 1163 305 1238 Spinonem
328 1166 421 1239 quiin
442 1183 476 1224 eo
497 1165 571 1239 quod
594 1172 674 1239 caput
696 1143 793 1222 causae
815 1173 856 1222 est
880 1182 942 1222 cum
963 1182 996 1222 eo
1018 1171 1224 1234 consenserunt,

160 1277 255 1322 omnes
276 1267 379 1324 sedicet
406 1267 445 1324 illi
472 1268 519 1341 qui
547 1282 604 1324 non
631 1266 713 1326 alium
741 1283 821 1339 quarn
843 1275 966 1324 naturam
994 1267 1080 1340 ipsam
1102 1283 1151 1324 seu
1171 1267 1226 1324 hoc

159 1363 315 1424 universum
336 1373 507 1441 agnoverunt
526 1367 610 1426 ileum
633 1369 712 1440 quire
733 1369 795 1426 ideo
811 1367 892 1426 hodie
906 1369 1118 1441 pantheistarum
1140 1368 1225 1426 nomi·

112 1529 114 1534 ,
158 1481 194 1523 ne
214 1485 231 1524 a
253 1470 416 1540 quibusdam
437 1471 620 1544 insigniuntur
641 1479 698 1530 tum
725 1487 758 1528 er
782 1471 912 1528 hactenus
936 1471 1014 1528 dietis
1043 1477 1148 1526 constat
1168 1478 1226 1530 tum

160 1583 193 1624 ex
222 1568 345 1628 instituto
366 1589 382 1628 a
400 1587 447 1630 ‘me
472 1573 508 1630 in‘
529 1574 636 1632 dissert.
663 1573 698 1632 de
725 1572 897 1644 Spinorismo
924 1579 986 1630 ante
1015 1571 1159 1644 Spinozam
1184 1571 1226 1648 [itt

160 1669 286 1728 analectis
307 1672 436 1732 historiae
458 1674 656 1748 philosophiae]
680 1674 893 1730 demonstratum
914 1679 964 1731 est.
1006 1672 1113 1728 Primus
1136 1682 1227 1730 tamen

160 1769 278 1841 Spinoaa
301 1773 352 1828 luit
381 1776 428 1845 qui
457 1775 484 1830 in
512 1776 664 1848 systematis
692 1775 807 1830 lormam
837 1774 907 1831 hanc
934 1774 1097 1846 impietatem
1119 1789 1225 1832 summo

160 1869 252 1926 clodio
272 1871 408 1945 redigeret
435 1874 516 1947 eique
536 1875 692 1934 methodum
721 1875 912 1949 geometricam
934 1875 1035 1934 infelici
1055 1884 1145 1934 lamen
1166 1893 1227 1933 suc·

159 1985 240 2028 cesse
269 1979 382 2045 aptaret.
425 1975 501 2034 Unde
529 1985 556 2034 et
583 1978 656 2036 haud
681 1979 816 2036 immerito
843 1979 942 2034 haecce
971 1978 1095 2034 atheisml
1121 1977 1226 2052 species

159 2088 259 2130 nomen
287 2075 322 2132 ah
350 2094 384 2134 eo
412 2080 509 2136 sortita
535 2088 577 2136 est
603 2083 686 2151 atque*
711 2080 898 2151 Spinozismus
927 2077 1112 2150 adpellatur.“
1153 2079 1226 2138 Loco

159 2173 292 2232 idlariore
316 2193 343 2247 p
375 2178 444 2236 196.
470 2179 589 2252 scriptor
616 2179 705 2252 ipsum
733 2178 882 2234 'solandum
910 2179 960 2235 toti
991 2179 1049 2236 lere
1075 2180 1227 2253 scripturae

160 2289 253 2330 sacrae
275 2277 471 2347 pantheismum
489 2280 609 2338 tribuere
631 2288 705 2338 ratus
725 2280 812 2352 „quis
836 2283 930 2336 vero“
954 2281 1041 2352 inquit
1068 2281 1149 2352 „qui
1163 2282 1226 2340 talia
1346 2319 1347 2330 1

159 2371 225 2446 legit
251 2374 356 2436 dubitet
380 2378 470 2449 ipsum
499 2379 651 2436 'rolandum
679 2378 707 2434 ln
733 2377 945 2450 pantheistarnm
967 2377 1083 2438 militare
1108 2381 1224 2441 eastrisi

160 2473 273 2546 Reliqua
296 2469 386 2548 itaque
409 2477 468 2548 ejus
490 2478 569 2536 ellata
599 2478 626 2534 in
648 2477 807 2552 religionem
829 2486 856 2535 et
877 2478 1039 2550 scripturam
1059 2495 1164 2536 sacram
1186 2481 1225 2540 iu·

157 2573 231 2646 juria
252 2576 412 2634 atheismum
431 2579 491 2650 ejus
505 2580 648 2652 prodentia
668 2581 772 2638 relerre
789 2596 1018 2653 supervacaneum
1028 2585 1124 2654 puto.“
1151 2584 1226 2651 Quae

159 2675 224 2734 hinc
241 2678 299 2750 jam
316 2680 408 2753 colligi
428 2689 519 2752 potest
540 2683 672 2740 sententia
693 2683 807 2756 explieat
828 2699 887 2740 eam
909 2699 936 2756 p.
959 2681 1039 2738 210:
1060 2683 1225 2751 „llatmalis-
1302 2743 1305 2748 ,

160 2795 221 2836 mus
248 2781 273 2836 si
294 2781 366 2838 idem
387 2783 423 2838 cit
454 2800 487 2841 ac
507 2784 690 2857 pantheismus
714 2803 775 2842 enm
801 2786 932 2842 atheismo
959 2785 1085 2842 convenit
1100 2794 1151 2842 aut
1173 2787 1225 2854 sal·

160 2888 216 2936 tem
240 2883 344 2955 speeies
373 2885 497 2942 allreismi
524 2891 592 2944 esl⁴‘
618 2887 666 2943 uhi
693 2895 785 2943 notam
807 2887 913 2959 adjicit:
948 2927 966 2954 ‚‚
1039 2887 1223 2948 crassissimus

61 3031 65 3038 .
160 2999 226 3040 vero
247 2984 357 3042 illorum
387 2984 565 3060 [naturalismi
586 2987 742 3064 modorum]
768 2997 809 3046 est
828 2989 875 3062 qui
894 3005 950 3045 non
974 2987 1055 3045 alium
1078 3005 1157 3062 quam
1179 3007 1225 3049 na·

161 3093 249 3153 turam
271 3103 319 3144 seu
342 3087 428 3146 hocce
448 3090 604 3147 uniuersum
625 3091 709 3147 lleum
728 3099 879 3164 agnoscunt
901 3089 948 3163 qui
968 3099 996 3147 et
1016 3091 1178 3163 pantheismi
1198 3099 1226 3149 et

160 3188 342 3260 apraecipuo
366 3191 442 3264 impii
466 3193 568 3249 erroris
596 3199 779 3250 restauratore
807 3191 970 3264 Spinozismi
997 3191 1107 3248 nomine
1133 3191 1226 3251 venire
1284 3195 1286 3203 '

160 3285 259 3342 solet.“
301 3287 404 3344 llodem
426 3307 496 3348 aneo
519 3303 547 3351 et
575 3295 602 3350 in
624 3295 771 3368 publicum·
784 3295 844 3351 data
865 3302 906 3352 est
928 3295 1080 3352 Biermanni
1102 3295 1225 3367 impietas

161 3387 362 3448 atheislica
381 3392 647 3468 seoptieo·seeptioa
673 3398 777 3453 detecta
805 3405 833 3454 et
853 3397 990 3453 coniurata
1019 3404 1069 3450 cet
1081 3411 1173 3466 quem
1194 3393 1225 3450 li·

159 3487 241 3548 trun
268 3501 364 3550 contra
391 3494 505 3552 lelandi
530 3497 782 3556 hdeisidaemonem
813 3497 966 3570 composuit
990 3501 1018 3551 et
1042 3495 1070 3550 in
1098 3495 1225 3553 liundlirt·

160 3591 247 3665 glanis
273 3593 358 3650 stret
389 3594 427 3653 tn
458 3597 603 3658 Godanhen
635 3600 705 3657 dher
733 3599 901 3656 Parmenidis
927 3597 1102 3670 Philosophie
1129 3599 1225 3655 atheus

162 3693 208 3750 hic
227 3697 398 3767 nominatur,
424 3715 481 3757 non
500 3703 652 3774 pantheista
673 3709 703 3758 ut
724 3717 824 3758 nomen
846 3701 899 3756 hoe
914 3699 1041 3756 nondum
1063 3715 1122 3754 earn
1144 3715 1226 3772 qnam

160 3806 234 3851 nune
251 3800 374 3856 ridemus
393 3800 636 3875 frequentationem
659 3812 813 3860 assecutum
832 3819 893 3859 essa
914 3801 1044 3856 videatur.

263 3897 293 3953 ln
312 3915 409 3956 noram
429 3919 529 3958 novum
559 3905 689 3976 seriptum
712 3901 890 3958 l'olandinum
913 3881 1091 3957 offensionem
1113 3898 1227 3959 incurrit

156 4005 240 4071 atque
257 3997 419 4057 instauratas
448 4000 570 4059 uirorum
599 4003 742 4059 doctorum
770 4001 912 4058 concitavit
941 3999 1143 4072 impressiones.
1185 4001 1227 4059 ln·

160 4097 227 4154 dicis
247 4107 313 4159 reio
336 4111 417 4176 eaput
436 4103 491 4161 hoc
512 4111 570 4162 esta
591 4103 747 4160 Nazarenus
769 4119 802 4187 or
819 4101 919 4175 jewiah
940 4099 1040 4175 gentile
1060 4101 1114 4156 and
1135 4102 1226 4161 maho-

159 4206 249 4256 meldn
269 4203 436 4281 christianity
459 4207 551 4266 1718.
595 4207 773 4266 Praelationis
802 4206 884 4264 linem
911 4221 1008 4264 versus
1031 4203 1066 4261 ad
1086 4222 1144 4271 ¹nos
1165 4225 1226 4281 per·

159 4299 262 4356 ierim:
282 4341 311 4356 ..
333 4321 366 4360 so
393 4292 439 4364 tlte
466 4308 572 4368 Lottors
593 4311 605 4367 1
626 4316 715 4367 wrote
741 4310 770 4367 in
798 4309 855 4367 that
875 4308 940 4367 time
966 4306 998 4363 ol
1024 4323 1098 4362 warr
1120 4304 1226 4382 (dicero

152 4399 269 4462 rridetur
290 4400 436 4466 Scotorum
456 4417 560 4485 motum
580 4413 659 4472 annis
683 4409 765 4473 1715
788 4419 816 4472 et
841 4409 940 4484 tlte)
966 4407 1020 4465 and
1043 4413 1104 4466 sent
1123 4405 1226 4483 hythe
1249 4479 1254 4502 ι
