2930 4838
764 477 807 540 Η

253 657 384 710 nostrum
398 645 479 707 daem
501 645 616 706 maxime
627 637 750 722 spectant
764 663 833 721 quae
848 645 975 722 leguntur
989 665 1015 724 p.
1027 647 1077 710 64.
1090 649 1141 712 56.
1183 653 1327 716 Praelamr

252 753 488 827 „llndiperator“:
510 751 558 820 „ia
578 749 679 808 blundo
695 749 785 808 omnia
798 759 862 808 sunt
883 750 969 812 Unum
989 745 994 830 Ι
1013 752 1156 830 Unumque
1178 766 1220 816 est
1239 759 1327 818 Omne

252 856 281 914 in
296 855 451 914 omnibus.“
493 853 668 928 Respondent
695 852 793 910 ceteri:
814 853 912 922 „Quod
942 855 1027 914 Omne
1046 857 1074 912 in
1105 859 1230 917 omnibus
1252 862 1325 920 lleus

253 967 296 1016 est
322 957 328 1032 Ι
353 959 486 1016 Aeternus
516 974 549 1014 ac
574 957 722 1014 immensus
747 952 753 1029 Ι
779 955 874 1029 Neque
907 956 1014 1029 genitus
1041 975 1129 1032 nequo
1155 961 1323 1022 interiturus.

253 1061 341 1120 llod.=
363 1061 393 1120 ln
416 1077 449 1120 oo
469 1061 583 1118 vivimus
606 1075 746 1116 moremur
760 1067 787 1116 et
806 1059 953 1153 existimus.
997 1061 1093 1136 Resp.:
1114 1062 1154 1122 llb
1175 1072 1320 1122 conatum

252 1171 294 1220 est
321 1161 526 1236 unumquidque
544 1157 549 1239 Ι
568 1159 598 1218 ln
622 1177 739 1233 eumque
766 1159 856 1218 denno
884 1161 1070 1222 revolutorum
1086 1159 1095 1242 Ι
1114 1166 1238 1224 Omnium
1261 1166 1320 1238 ipse

251 1262 413 1336 principium
441 1269 468 1320 et
498 1260 567 1320 linis.
611 1259 698 1318 blod:
733 1260 847 1317 Carmen
874 1261 1027 1320 acciuamus
1047 1257 1053 1340 Ι
1070 1264 1107 1321 be
1135 1273 1232 1322 natura
1258 1265 1320 1322 Uni·

252 1367 358 1422 versi.“
399 1365 467 1420 Tum
496 1381 550 1420 una
578 1379 675 1420 omnes
704 1370 813 1424 cantant
840 1381 936 1422 versus
965 1365 1026 1422 illos
1052 1366 1159 1422 Pacuvii
1189 1384 1259 1439 quos
1285 1385 1321 1424 ex

251 1467 475 1526 Adeisidaemone
491 1466 547 1538 jam
570 1465 716 1522 attulimus.
760 1464 916 1532 Quaerere
939 1466 1035 1538 adjecit
1058 1467 1092 1524 de
1114 1466 1252 1540 sequenda
1269 1466 1320 1524 du·

252 1567 317 1640 plici
337 1566 552 1624 Pandreistarum
578 1562 750 1637 philosophia
772 1563 806 1620 ad
834 1565 1004 1637 propositum
1033 1575 1155 1622 nostrum
1183 1585 1240 1622 uon
1262 1568 1322 1624 atti·

252 1674 318 1724 nent
338 1683 399 1723 cum
427 1680 484 1720 non
511 1663 582 1720 dicat
610 1664 663 1720 nisi
687 1664 722 1721 de
750 1663 872 1722 doctriua
898 1664 996 1736 partim
1025 1673 1134 1722 externa
1162 1666 1203 1722 vel
1232 1681 1319 1738 popu·

252 1767 305 1826 lari
332 1783 401 1840 quae
428 1765 601 1839 praejudiciis
630 1766 833 1824 accommodata
852 1766 887 1824 sit
905 1767 1003 1840 partim
1030 1767 1134 1824 interna
1156 1767 1213 1826 sire
1231 1767 1319 1840 pbilo-

253 1868 365 1941 sophica
381 1865 486 1924 veritati
504 1865 611 1938 penitus
633 1865 776 1924 conformi.
820 1864 917 1920 blirum
936 1875 1026 1923 autem
1049 1876 1090 1926 cst
1111 1868 1183 1924 inter
1200 1867 1322 1941 pautbei·

252 1975 355 2026 starum
375 1966 453 2039 quasi
472 1973 581 2022 sanctos
601 1974 762 2038 sanctasque
784 1981 853 2038 qnos
876 1973 970 2022 coctus
991 1968 1097 2024 invocat
1119 1969 1227 2040 (dieunt
1248 1969 1322 2024 ertinn

252 2084 281 2140 p.
304 2067 360 2122 63:
390 2066 430 2122 sic
451 2065 540 2138 prosit
565 2065 646 2122 nobis
672 2064 758 2123 almus
791 2063 901 2123 Selomo
924 2066 1021 2126 Thales
1047 2067 1244 2124 Anaximander
1271 2067 1322 2126 lle·

254 2165 395 2240 uopbanes
430 2166 554 2224 Melissus
590 2167 697 2224 Ocellus
733 2169 903 2226 Democritus
934 2170 1107 2228 Parmenides
1142 2169 1322 2228 Dicaearchus

254 2270 401 2328 conludius
436 2269 506 2325 alma
541 2268 700 2326 cleobulina
726 2267 836 2322 Theano
872 2269 1011 2336 Pampbila
1046 2271 1158 2325 Cerellia
1191 2271 1322 2340 llypatia)

254 2374 404 2434 desiderari
432 2391 531 2431 nomeu
562 2374 770 2446 spinosae-
821 2368 894 2438 Quae
923 2374 1010 2423 tamen
1038 2365 1238 2434 praetermissio
1261 2381 1318 2420 nou

254 2477 376 2552 impediit
396 2477 541 2549 quominus
562 2475 609 2549 qui
636 2473 785 2528 l'olandum
813 2467 934 2541 aggressi
961 2471 1024 2522 sunt
1046 2473 1233 2538 compararent
1255 2483 1318 2524 euna

255 2599 317 2640 cum
338 2581 456 2654 Spiuoza
478 2587 504 2637 et
532 2579 675 2650 utriusque
704 2575 754 2630 viri
777 2570 925 2628 doctrinam
947 2565 1108 2638 pantlreismi
1134 2549 1244 2624 nomine
1273 2585 1319 2640 ap·

254 2685 394 2758 pellerent.
436 2679 556 2752 Exempli
581 2694 661 2736 causa
689 2676 732 2731 Jo.
755 2672 816 2728 Chr.
840 2667 984 2726 Scbdsnlcr
1010 2668 1038 2725 in
1056 2667 1172 2726 libellis:
1216 2668 1318 2726 Samm-

255 2786 320 2858 lang
336 2801 388 2840 von
407 2783 477 2840 alten
495 2779 551 2838 und
573 2793 662 2835 neuen
686 2773 768 2832 theol.
791 2771 896 2828 Saoben
922 2771 1003 2828 1722
1024 2789 1051 2845 p.
1067 2771 1128 2830 676
1152 2771 1232 2828 dicit:
1254 2771 1319 2828 bald

255 2886 380 2946 sehriebe
400 2902 431 2941 er
452 2883 513 2940 dom
533 2880 619 2938 bosen
641 2877 799 2950 Spinozd
821 2873 873 2934 alle
894 2874 969 2931 seine
989 2873 1207 2930 lrrtbirurerund
1221 2873 1321 2930 Greael

254 2991 325 3048 nach
352 3007 375 3044 a.
397 2988 425 3042 B.
456 2985 499 3040 die
526 2980 728 3051 Pantheisterey
760 2974 875 3052 (nomen
904 2973 1049 3044 acerbum,
1078 2991 1134 3048 quo
1161 2977 1318 3048 saepissime

129 3110 136 3117 ·
254 3108 350 3168 postea
371 3087 494 3146 doctrina
511 3082 556 3146 illa
577 3081 706 3142 irridetur
727 3078 809 3138 simili
838 3079 944 3136 ratione
972 3077 1064 3136 sactum
1085 3085 1165 3149 atque
1189 3077 1318 3136 ethelste-

255 3211 303 3267 roy
325 3191 399 3264 quod
425 3188 480 3258 jam
508 3191 586 3240 autea
605 3181 743 3240 iuvenitur
770 3199 794 3240 e.
816 3180 1060 3257 genealogiam
1082 3179 1166 3236 Stireb
1189 3179 1228 3236 14
1249 3197 1320 3236 anno

258 3291 338 3348 1717
362 3306 387 3363 p.
411 3281 514 3360 372),
536 3282 604 3340 oder
626 3284 689 3342 dass
711 3283 797 3342 Gott
817 3284 906 3342 niehts
926 3281 1086 3362 andersals
1108 3281 1156 3338 das
1179 3281 1319 3340 Univer-

256 3409 329 3456 sum
348 3397 414 3452 ner
430 3385 526 3444 Welt
547 3402 603 3461 sey.
646 3377 752 3460 Repetit
780 3369 944 3460 Carpzovius
973 3385 1000 3442 in
1021 3383 1268 3440 introductionem
1290 3382 1321 3464 li·

254 3495 321 3551 bros
343 3505 444 3547 canon.
472 3488 582 3548 biblior.
605 3490 635 3546 V.
655 3489 685 3546 Τ.
711 3488 802 3546 1731.
830 3489 859 3548 Τ.
888 3488 931 3544 lll.
953 3503 979 3558 p.
1002 3483 1064 3542 469
1087 3500 1128 3556 sq.
1172 3483 1318 3544 l'olandutu

254 3601 378 3665 satagere
405 3599 436 3648 ut
461 3591 596 3667 Spinozae
617 3589 817 3648 Pautbeismum
847 3589 937 3645 denuo
957 3592 1076 3659 apponat
1096 3584 1320 3656 imprudentibus

252 3696 330 3754 *taem
352 3691 485 3767 significat
506 3693 586 3752 etiam
607 3685 656 3748 Jo.
671 3691 754 3750 Henr.
777 3689 927 3748 aSecleno
951 3687 998 3760 qui
1019 3684 1241 3755 „meditationum
1263 3701 1318 3744 ene·

257 3794 429 3872 geticarum“
450 3791 520 3864 parti
539 3790 673 3850 secundae
699 3789 796 3846 1732-
811 3789 871 3858 „de
899 3787 1069 3861 panthersmo
1099 3785 1127 3840 in
1152 3783 1320 3840 sanctissimo

255 3899 303 3958 dei
323 3889 433 3954 nomine
451 3901 531 3952 tarn*
554 3891 635 3964 impie
657 3892 780 3966 quaesito
809 3890 1026 3948 observationem
1048 3883 1318 3948 Anti·lolandinann“
1435 3905 1436 3918 κ

257 3999 371 4060 inseruit
391 4014 418 4069 p.
442 3994 505 4052 346
527 4011 568 4068 sq.
591 4011 646 4068 quo
672 3995 735 4052 loco
758 3993 957 4068 pantheismuna
978 3987 1069 4068 „tillud
1089 3995 1239 4044 monstrum
1260 3981 1317 4036 bor·

258 4100 393 4156 rendum“
414 4106 464 4156 oct.
486 4097 624 4156 iracundia
645 4096 824 4155 inflammatus
847 4095 992 4168 castigavit.
1036 4085 1062 4164 §
1077 4089 1099 4144 ll
1122 4085 1263 4153 ,‚llorum“
1284 4081 1319 4138 in·

257 4199 318 4271 qnit
346 4197 572 4274 „Spinoaismuua
602 4217 636 4257 ex
658 4217 726 4258 orco
753 4199 937 4258 revocantium
965 4191 1100 4250 malesana
1122 4187 1176 4242 imo
1199 4186 1256 4260 ipsa
1278 4199 1318 4266 ne·
1433 4231 1434 4250 Ι

259 4300 345 4371 qnitia
365 4305 482 4378 nequior
503 4304 595 4380 opinio
619 4311 660 4362 est
687 4321 769 4364 unam
790 4301 873 4358 modo
897 4299 925 4354 in
953 4302 1010 4354 tota
1037 4309 1128 4351 rcrurn
1154 4289 1321 4352 trainensitate

251 4399 319 4462 'dari
339 4407 587 4470 substantiam
609 4403 697 4468 nullas
718 4416 839 4468 anema
859 4403 948 4462 divina
968 4383 1107 4468 distinctas
1129 4397 1253 4460 ellicum
1267 4408 1321 4454 csse
