2930 4838
741 441 781 502 28

226 595 365 660 ,tomum
406 600 501 672 Addit:
519 595 742 684 ...Erltumrang
766 609 857 670 dieser
878 613 994 674 'discorde
1014 615 1101 676 durclr
1127 623 1308 706 Anwcadaug

238 696 381 759 tlcrsclben
410 702 458 760 aul
483 703 536 762 den
555 705 738 780 dipsticismus
768 727 821 768 von
843 711 1043 774 Mikrolrosmus
1073 717 1129 778 und
1149 722 1306 784 llalrrolon·

236 813 297 868 mus
319 800 367 858 aul
390 801 433 858 die
455 796 704 864 Emanationslehre
731 809 780 866 aui
804 811 852 878 das
873 813 1171 896 annihilationssystem
1197 826 1246 885 aul
1262 827 1307 904 dic

235 899 465 980 Vorstellungsart
486 906 536 964 der
561 917 651 966 ersten
671 898 842 986 ἑνιζοντων
864 915 933 972 oder
953 917 1120 980 All-Einscrn
1142 924 1170 982 in
1190 927 1304 988 Aristot.

235 1000 350 1077 lietaph.
364 1004 384 1064 1.
398 1023 421 1064 c.
439 1003 466 1064 1.
488 1008 578 1066 med.“
600 1009 716 1087 Alteram,
736 1028 801 1070 vero
816 1015 1006 1088 cogitationem
1026 1019 1080 1088 „da
1099 1021 1143 1080 ein
1165 1024 1304 1102 alleiniges

233 1103 334 1164 Wesen
354 1106 427 1166 Alles
448 1114 521 1185 sey“
541 1113 653 1188 proprie
674 1114 787 1190 intelligi
814 1132 871 1174 non
892 1134 975 1190 posse
1001 1123 1140 1182 contendit
1161 1143 1189 1200 p.
1213 1128 1252 1188 14
1276 1139 1303 1190 et
1368 1183 1373 1188 .

237 1205 275 1266 19
291 1207 540 1284 nisrspeculatione
563 1231 643 1288 qnam
666 1216 737 1274 dicit.
781 1218 838 1288 „Za
850 1219 952 1278 diesem
975 1221 1163 1302 Urgrunde
1184 1230 1223 1305 als
1240 1232 1300 1292 dem

233 1307 316 1368 Eius
337 1313 498 1372 welches
528 1317 625 1376 Alles
654 1337 702 1396 scy
722 1319 788 1378 lasst
816 1322 874 1380 sich
902 1340 958 1382 nun
987 1328 1139 1388 annelrmen
1162 1336 1298 1394 entweder

233 1411 317 1470 raas
353 1414 425 1492 sen
464 1419 532 1476 ouer
569 1420 591 1476 ιι
622 1421 665 1478 ae
704 1403 944 1502 tarenorum
981 1429 1028 1486 aas
1065 1431 1181 1496 nanze
1205 1419 1310 1515 <nni

231 1530 285 1570 von
307 1516 388 1572 einer
405 1520 539 1592 gewisscn
569 1521 642 1582 Scito
669 1523 708 1580 als
724 1525 800 1584 -Eins
829 1529 1009 1604 angeselrcn“
1039 1551 1066 1608 p.
1090 1536 1140 1598 21.
1182 1539 1298 1600 Primam

230 1612 304 1692 illam
325 1617 475 1676 doctrinam
503 1639 583 1696 quam
612 1642 657 1698 pp.
681 1625 806 1684 21-35
833 1638 982 1704 pertractat
1008 1637 1202 1712 pantheinmum
1227 1639 1295 1714 lugi·

231 1729 293 1772 cum
314 1716 377 1776 dicit
399 1737 481 1794 posse
498 1725 630 1782 nominari
655 1730 804 1790 secuudum
826 1733 998 1794 Aristotelem
1017 1738 1063 1812 qui
1078 1738 1156 1796 talem
1180 1739 1295 1800 formam

229 1813 397 1878 parmenidis
417 1822 606 1898 philosophiae
635 1829 763 1888 tribuisse
788 1835 918 1893 videatur.
963 1839 1088 1898 Secundo
1110 1841 1172 1900 loco
1193 1844 1220 1900 in
1242 1843 1296 1904 tine

230 1926 322 1992 conset
343 1936 371 1992 p.
391 1921 443 1980 42.
467 1923 516 1980 43.
549 1926 601 1980 vim
623 1929 737 2000 primam
768 1932 839 1989 illam
872 1953 940 2010 quae
962 1955 1041 1994 outae
1071 1941 1211 1996 alliciendo
1234 1944 1293 2014 ipsa

228 2017 264 2074 sit
286 2035 382 2090 omne,
412 2024 446 2080 ad
468 2027 666 2099 pantheismum
693 2035 826 2106 quendam
855 2041 988 2112 pertinere
1015 2056 1094 2112 quem
1123 2041 1292 2115 dynamicum

228 2120 417 2197 appellandum
439 2129 568 2200 proponit
588 2131 665 2202 cuius
697 2137 909 2196 aestimationem
939 2156 969 2196 ea
990 2141 1226 2224 praeeminentibus
1253 2139 1293 2220 (si

228 2233 251 2274 e.
273 2236 296 2276 c.
319 2221 352 2278 ad
376 2223 489 2284 Herderi
511 2227 590 2286 deum
613 2233 776 2310 applicetur)
799 2251 854 2288 non
873 2241 1185 2304 posscesseditlicilem.
1230 2243 1293 2300 Ter.-

225 2319 376 2400 uenirem
398 2327 470 2385 illam
489 2331 649 2404 pantheismi
670 2337 783 2392 formant
798 2351 885 2408 usqne
901 2333 1074 2392 dumnomen
1092 2341 1176 2412 magis
1198 2350 1289 2414 aptum

225 2424 376 2486 inveniatur
405 2429 609 2504 Spinonisticam
637 2436 773 2508 appellare
802 2437 905 2493 suadet.
963 2437 1001 2496 lle
1030 2437 1147 2512 Spinoza
1175 2440 1291 2514 denique

226 2527 330 2584 acutius
352 2547 431 2604 qnam
454 2533 562 2608 plurimi
584 2535 654 2592 illius
676 2515 806 2609 temporis
828 2533 1054 2610 disputandoque
1076 2542 1110 2596 ad
1126 2541 1206 2626 finem
1221 2559 1292 2600 com·

225 2632 396 2690 mentatienis
418 2652 444 2710 p.
466 2635 514 2696 50.

190 2705 193 2710 Ι
326 2736 347 2792 Α
363 2737 488 2796 Brunone
503 2747 597 2800 contra
612 2738 773 2812 pantlmismi
788 2735 984 2800 incusationem
1000 2743 1098 2818 repulit
1112 2745 1289 2804 Schleierma·

229 2833 335 2900 charus.
378 2839 526 2911 „Nttmlich
548 2842 736 2903 Pantlrcismus
763 2845 799 2902 ist
817 2845 850 2904 da
870 2862 916 2904 wo
936 2847 1005 2904 iiber
1027 2847 1077 2905 der
1097 2849 1293 2918 Identification

228 2937 320 3004 ¹Gottes
349 2943 397 3000 anit
426 2945 475 3001 der
506 2945 578 3004 Welt
606 2946 650 3004 die
677 2948 824 3024 trennung
851 2966 920 3022 gatru
949 2947 1161 3020 uernachldssigt
1186 2951 1293 3006 wird.“

227 3040 322 3120 dasch.
349 3043 398 3101 der
423 3045 501 3102 Phil'
523 3047 604 3106 1839
635 3047 751 3123 (scripta
779 3060 867 3108 autern
897 3049 992 3104 eodem
1020 3063 1091 3104 auno
1115 3065 1177 3126 quoq
1193 3049 1313 3122 Krausi,

226 3143 371 3220 disputatio
390 3149 469 3226 typis
496 3167 623 3224 expressa
652 3153 706 3224 est)
737 3169 763 3225 p.
786 3149 857 3216 25⁰·
901 3149 955 3206 Scd
983 3165 1047 3207 mon
1081 3149 1163 3208 1814
1186 3155 1291 3212 ratione

226 3243 331 3313 diuersa
352 3263 422 3322 quae
444 3248 478 3304 ad
500 3248 596 3306 llrausi
621 3251 711 3320 potius
734 3249 849 3304 formam
870 3247 1018 3304 secundam
1048 3251 1162 3310 attinere
1185 3254 1291 3312 videtur

224 3345 317 3406 delinit
334 3350 542 3424 pantheismum.
585 3347 664 3402 Ponit
694 3348 765 3402 enim
796 3347 823 3404 in
842 3323 981 3408 dialectica
1005 3352 1048 3410 ed.
1074 3353 1154 3410 1839
1178 3373 1204 3431 p.
1230 3356 1289 3411 113

138 3487 142 3495 «
222 3452 433 3528 pantheistarum
455 3467 556 3510 numen
580 3465 641 3515 esse
669 3447 722 3502 vim
741 3467 873 3508 summam
897 3469 966 3524 quae
986 3460 1032 3508 aut
1054 3452 1189 3522 abstracta
1210 3471 1290 3526 quae,

223 3550 284 3608 dam
305 3559 352 3607 ant
370 3560 495 3612 concreta
517 3551 560 3606 sit.
603 3549 730 3604 Kaiserus
754 3557 846 3605 centra
870 3551 914 3622 qui
937 3551 965 3606 in
987 3549 1070 3608 tlrcol.
1084 3551 1149 3608 hiat
1172 3553 1289 3612 11813

221 3669 249 3725 p.
275 3651 335 3710 149
354 3651 551 3724 pontheismum
573 3664 647 3706 eam'
662 3651 812 3706 doctrinam
834 3667 894 3708 esse
917 3652 981 3708 dixit
1004 3669 1073 3726 quae
1095 3654 1169 3722 „das
1189 3657 1234 3712 All
1256 3675 1290 3718 ru

223 3754 286 3811 Gott
308 3753 415 3810 macht“
437 3752 488 3808 hac
510 3751 615 3808 ratione
638 3751 752 3806 termam
774 3768 854 3826 quam
875 3753 945 3827 apud
969 3755 1103 3812 Krausum
1125 3757 1205 3816 tertio
1227 3759 1289 3820 loco

221 3855 372 3912 invenimus
395 3857 536 3910 censuerat
558 3847 673 3924 unicam.
1232 3911 1235 3918 ,
1280 3934 1282 3942 .

258 3981 262 3986 =
321 3955 419 4011 lirausi
447 3951 663 4012 dissertationem
696 3953 768 4012 illam
799 3955 877 4028 cujus
912 3955 1007 4016 saltem
1035 3959 1198 4018 mentionem
1232 3971 1286 4012 11⁰⁰

219 4056 283 4112 lacit
312 4055 444 4134 ignorauit
482 4054 598 4114 fortasse
635 4075 789 4132 quanquam
822 4059 906 4116 multa
940 4060 1009 4135 legit,
1043 4078 1074 4118 ac
1111 4050 1287 4134 pervolutavil

219 4158 337 4230 scriptor
363 4159 426 4232 libri
454 4163 652 4220 memorabilis:
695 4163 743 4220 Die
770 4163 970 4240 Aligegcnwart
1008 4167 1100 4242 Gottes
1135 4165 1180 4240 qui
1210 4169 1287 4227 abso

217 4258 290 4318 lutus
320 4273 360 4322 cst
389 4265 498 4324 ineunte
527 4283 598 4324 anno
623 4264 704 4324 1816
735 4265 783 4338 (cl.
807 4264 905 4344 prael.)
934 4269 1037 4342 prodiit
1065 4284 1135 4326 anno
1157 4271 1202 4344 qni
1222 4283 1286 4342 pro·

214 4358 289 4423 xime
320 4377 430 4428 secutus
462 4377 511 4427 est.
555 4366 739 4446 Opportunitas
768 4377 856 4428 autem
888 4371 995 4430 videtur
1023 4386 1053 4428 ea
1082 4387 1159 4450 quae·
1179 4371 1215 4429 de
1235 4369 1287 4430 lroo
