2930 4838
677 476 695 542 7,

154 656 292 716 'lelandus
325 655 419 710 usum'
440 665 536 710 eorum
570 649 619 722 qui
648 647 847 724 pantheismum
873 657 902 708 ct
928 649 1127 724 spmosttmum
1154 665 1217 723 pro·

154 761 259 816 miseue
282 756 309 812 in
337 772 385 812 ore
411 753 511 810 hahent
539 751 609 808 siout
644 752 724 810 etiam
754 769 782 825 p.
798 751 934 812 ‘laede
961 753 994 808 iis
1022 752 1143 826 loquitur
1171 753 1220 824 qui

155 859 323 932 „Spinosam
360 857 388 913 in
424 855 606 912 Pentateucho
641 855 781 912 inueniunt
813 863 842 912 et
875 853 1053 918 Atheiemum,
1077 869 1156 910 suum
1190 854 1219 910 in

154 959 263 1016 nomine
291 956 445 1014 lchouah.“
501 954 618 1026 Respicit
646 955 713 1012 haee
748 954 900 1014 enunciatio
926 955 960 1012 ad
987 972 1014 1026 p.
1045 951 1114 1012 156.
1139 930 1217 1012 ⁴157.

154 1059 202 1116 nbi
222 1056 399 1116 Pentateuchi
423 1056 583 1129 scriptorem
615 1057 732 1116 afferens
760 1065 817 1125 „et
836 1057 923 1130 ipsc“
951 1057 1040 1131 inquit
1067 1057 1122 1126 „in
1151 1055 1218 1111 Pan·

153 1161 311 1216 theistarum
341 1158 424 1216 luisse
451 1158 584 1216 sententia
610 1159 748 1216 nonnullis
770 1159 876 1216 videtur
894 1167 1008 1234 propter
1029 1167 1116 1216 certas
1138 1156 1217 1230 phra-

154 1277 199 1316 ses
228 1277 284 1316 non
311 1259 412 1332 probe
426 1259 574 1316 intellectas
603 1268 630 1317 et
658 1260 732 1332 quod
760 1261 912 1318 animorum
936 1257 1143 1318 immortalitatis
1172 1261 1218 1314 aut

153 1362 335 1434 praemiorum
372 1370 399 1418 ct
427 1362 593 1418 cruciatuum
627 1370 690 1434 pest
716 1370 832 1421 mortem
863 1361 1018 1418 futurorum
1051 1359 1153 1416 nullam
1180 1356 1219 1415 le·

153 1464 220 1520 ecrit
242 1464 414 1520 mentionem.
457 1462 526 1518 llioc
547 1462 600 1518 sibi
625 1462 721 1520 volunt
740 1471 943 1522 sacrosanctum
966 1470 993 1520 ct
1013 1458 1150 1521 inellebile
1169 1474 1216 1514 no·

153 1579 216 1618 men
244 1563 364 1622 lehovah
385 1563 524 1635 astipulari
549 1581 610 1622 cum
640 1567 819 1625 necessariam
849 1563 1022 1620 solummodo
1051 1560 1218 1618 existentiam

152 1664 195 1722 uel
216 1664 283 1722 illud
305 1665 450 1738 (quiequid
471 1665 515 1738 ht)
535 1667 617 1738 =quod
646 1683 696 1738 per
724 1683 754 1723 se
775 1666 864 1726 existit
888 1664 1036 1738 emphatice
1059 1660 1192 1736 significet
1200 1661 1218 1698 “

152 1775 204 1822 eet.
219 1797 263 1808 -
306 1767 368 1822 llox
389 1767 540 1822 cumulatus
562 1775 604 1824 cst
621 1767 756 1826 'lelandus
783 1766 940 1824 criminibus
963 1774 990 1822 ct
1008 1761 1169 1838 pantheismi
1191 1765 1219 1818 et

153 1867 284 1923 atheismi.
328 1867 406 1924 llune
427 1868 452 1924 ei
474 1869 577 1942 primus
603 1870 799 1942 exprobaverat
823 1870 879 1941 jam
907 1868 1030 1926 libellus:
1059 1866 1105 1924 the
1127 1877 1218 1924 narra·

151 1969 205 2024 tire
227 1968 321 2026 drarun
341 1985 376 2041 up
398 1969 434 2042 by
457 1969 500 2026 the
526 1969 580 2030 late
608 1971 685 2028 lover
710 1972 797 2030 house
819 1971 850 2026 ol
872 1968 1054 2048 'convocation
1078 1963 1176 2022 ltott
1191 1978 1218 2033 p.

151 2066 200 2124 htl·
212 2084 254 2140 sq.
298 2069 498 2126 Pantheismum
520 2086 584 2124 vero
606 2069 732 2127 atheismi
751 2069 845 2143 generi
864 2067 981 2138 subjecit
1000 2062 1119 2121 lacobus
1131 2060 1218 2133 l'ayus

151 2167 200 2237 qui
228 2173 323 2222 contra
349 2173 493 2238 utramque
527 2165 601 2224 illam
624 2166 735 2222 Tolandi
773 2166 989 2222 dissertationem
1019 2163 1116 2222 eodem
1146 2175 1217 2218 auno

151 2266 230 2322 locas
255 2266 343 2322 emisit
375 2267 590 2334 „belensionem
619 2267 766 2340 Religionis
793 2285 845 2326 uec
877 2284 934 2324 non
958 2266 1041 2322 blesis
1071 2272 1099 2320 ct
1125 2261 1218 2319 Gentis

148 2363 299 2426 iudaicam
329 2365 357 2422 in
379 2382 433 2436 quo
456 2363 527 2420 lihro
548 2364 683 2423 secundae
705 2367 789 2438 partis
813 2373 892 2438 caput
913 2371 1037 2438 quartum
1058 2360 1219 2436 inscriptum

152 2473 207 2520 est:
238 2464 406 2530 ,‚...lloses
430 2462 578 2520 vindicatur
596 2464 630 2520 ab
659 2466 836 2538 inscrutatione
856 2465 1046 2522 Pantheismi“
1076 2459 1151 2536 quod
1170 2476 1216 2516 vo·

153 2563 278 2640 nabulum
305 2565 358 2622 hoc
386 2565 447 2622 loeo
474 2566 563 2637 primo
587 2567 748 2626 invenimus.
803 2569 889 2626 Simul
921 2569 977 2640 jam
1006 2565 1155 2642 applicatur
1182 2561 1220 2622 act

150 2668 273 2724 ethnicos
296 2669 428 2740 quosdam
449 2667 627 2741 philosophos
649 2670 696 2742 qui
718 2679 884 2728 tamennon
907 2669 1067 2742 exquisitius
1082 2680 1216 2740 seponun-

151 2779 197 2826 tur
213 2778 294 2842 atqus
316 2769 350 2826 ad
370 2765 512 2842 Spioos'am
539 2771 638 2843 utqui
668 2771 887 2834 illorum-luerit
907 2771 1056 2828 restitutor.
1099 2768 1167 2824 Nam
1188 2781 1216 2836 p·

155 2868 216 2926 tet
243 2869 321 2927 dieite
350 2909 430 2937 ....
453 2841 641 2928 stutheismus
670 2873 705 2928 sit
730 2880 833 2930 tautum
859 2880 933 2930 certa
954 2871 1042 2928 torma
1063 2876 1090 2926 et
1111 2865 1216 2940 speeies

145 2971 273 3030 utltcismi
300 2989 380 3045 quem
407 2989 439 3030 en
467 2973 561 3030 interis
591 2981 618 3030 et
651 2991 683 3032 ex
708 2974 816 3047 scriptis
843 2971 1015 3047 quorundam
1040 2969 1217 3026 Ethnieerum
1317 2957 1326 2978 ‘

150 3073 379 3148 Philosophorum
402 3076 544 3147 superiore
573 3077 683 3134 saeculo
710 3077 817 3136 reduxit
846 3077 997 3150 Spiuosa.“
1039 3073 1127 3130 Locus
1149 3085 1214 3126 uero

150 3191 231 3247 quem
246 3177 342 3246 ¹lacero
363 3161 423 3235 non¹
441 3193 588 3249 possumus
610 3179 675 3250 quin
697 3195 770 3236 nuuc
791 3179 968 3252 adjungamus
991 3182 1071 3249 eaput
1089 3181 1131 3230 est
1153 3187 1215 3231 cum

150 3277 225 3347 quod
247 3293 298 3347 ego
321 3278 466 3348 intelligam
483 3280 587 3351 primus
607 3281 693 3354 lapus
723 3294 752 3340 ea
781 3280 879 3353 quibus
903 3278 1073 3338 contineatur
1093 3272 1162 3332 actio
1186 3269 1215 3326 in

147 3375 280 3448 pantheos
302 3374 427 3448 digerere
448 3384 475 3432 et
496 3377 615 3434 breuiter
646 3381 789 3452 eoroplecti
811 3380 946 3438 hocloco
969 3374 1122 3434 instituerit.
1165 3371 1213 3426 Po·

147 3475 211 3545 gina
238 3477 309 3534 enim
339 3476 417 3534 eitrta
437 3485 473 3552 ‘ct
497 3487 626 3551 sequente
653 3481 704 3538 tria
730 3490 824 3540 notatu
854 3483 935 3555 digna
959 3481 988 3535 in
1016 3474 1128 3535 exordio
1150 3471 1214 3528 libri

147 3575 285 3636 Gencscos
307 3596 322 3636 a
344 3579 435 3636 divino
463 3581 597 3654 scriptore
621 3583 767 3656 significari
788 3585 860 3642 dicit.
902 3583 995 3638 Primo
1010 3580 1104 3646 xloeo:
1127 3589 1212 3646 „eoe-

138 3680 205 3736 ‘lum
232 3690 260 3738 et
287 3690 389 3739 terram
421 3684 563 3756 complecti
595 3693 681 3744 totam
707 3695 828 3747 naturam
855 3694 882 3744 et
912 3683 1094 3744 omnimodam
1120 3693 1213 3737 rerum

148 3781 350 3841 uniuersitatem
377 3803 446 3858 quac
471 3787 580 3844 unicum
601 3788 817 3847 Panthcistarum
837 3805 937 3846 numen
957 3790 1032 3844 cst.“
1075 3781 1176 3840 Deinde
1197 3795 1214 3846 d

136 3889 272 3940 -erectura
293 3885 422 3956 distingui
444 3894 610 3954 creatorem,
639 3888 757 3958 denique
784 3897 891 3960 tempus
914 3904 969 3960 quo
992 3895 1114 3956 tempere
1137 3887 1212 3938 natu·

148 4003 206 4046 ram
226 3987 299 4044 illam
324 3987 391 4042 deus
412 3987 571 4059 produxerit
592 3989 800 4046 commemorari
820 3989 905 4046 luisse
925 3985 1095 4061 principium.
1140 3983 1213 4050 Quae

145 4097 291 4162 peuqnam
312 4089 441 4148 disseruit
461 4089 563 4163 pergit:
585 4106 674 4162 „quae
696 4098 724 4148 et
744 4090 841 4148 similia
861 4089 1034 4148 Pantheismo
1052 4082 1211 4145 nullomodo

147 4192 570 4250 eonrmiunt'=.Pantheistarum
597 4193 669 4250 enim
691 4201 786 4250 natura
810 4203 835 4252 et
858 4210 958 4252 numen
979 4207 1063 4250 unum
1082 4191 1215 4260 idemque

147 4296 219 4358 sont,
239 4305 272 4346 ea
291 4307 365 4348 vero.
378 4292 458 4350 ctare
470 4301 499 4350 et
519 4289 644 4384 distincte
665 4303 771 4368 separat
794 4287 883 4352 lloses
906 4309 968 4350 eum
989 4293 1042 4350 hoe
1063 4291 1134 4346 illius
1150 4303 1210 4342 eau-

143 4407 288 4452 sam-esse
309 4390 397 4452 ntem
431 4393 645 4454 Pantbelstarum
668 4405 764 4454 natura
787 4413 802 4454 n
823 4395 931 4456 nemine
952 4400 1043 4458 ereata
1064 4396 1105 4448 ast
1118 4394 1213 4461 utpote
