2940 4844
676 439 713 510 ib

151 621 322 694 ’1611616166
343 595 432 682 modis
454 627 590 696 appareat.
635 617 665 674 ld
687 615 762 690 quod
781 607 848 674 sine'
871 611 955 672 dubio
976 613 1121 688 Spinoaam
1141 615 1222 689 signi·

155 733 226 792 licat.
270 729 310 786 nd
342 726 423 785 verba
444 741 510 782 vero
538 723 583 779 illa
612 721 662 779 sub
691 728 817 778 contextu
845 717 995 776 invenimus
1016 719 1223 776 animadversio·
1298 705 1302 712 ’

157 851 238 892 nem:
260 833 294 887 lis
311 830 406 886 witrde
425 827 503 884 mehr
526 826 586 882 eine
605 824 693 880 unitas
715 821 886 896 imaginativa
909 820 948 877 als
962 837 1023 877 vera
1040 837 1114 894 66111.
1157 823 1223 879 Por·

158 952 191 992 ro
213 935 236 990 J.
258 933 382 990 116616
405 927 548 1002 theologus
572 925 751 1000 tubingensis
780 923 808 979 in
839 923 957 980 editione
977 922 1102 979 locorum
1120 923 1223 982 theolo-

155 1033 346 1110 ι6166166116.
372 1014 568 1086 6611661116
598 1035 674 1082 16616
705 1025 794 1098 primo
822 1024 869 1097 qui
891 1039 961 1080 anno
995 1023 1077 1080 1762
1101 1017 1224 1097 apparuit

156 1137 281 1209 exemplo
314 1131 480 1189 Gerbardino
512 1129 638 1186 annexuit
671 1127 848 1200 appendicem
870 1125 1010 1182 historiam
1031 1126 1170 1184 doctrinae
1192 1129 1226 1188 de

157 1241 211 1296 deo
226 1237 395 1295 exhibentem
407 1235 434 1290 in
457 1249 526 1306 qua:
549 1230 657 1300 „solet“
677 1229 765 1303 inquit
785 1229 989 1302 „Spinozismus
1007 1228 1072 1285 alias
1096 1229 1226 1303 adpellari

157 1342 342 1418 panthoismus
365 1337 493 1412 quoniam
511 1333 673 1393 vocabulum
695 1333 779 1390 dens
802 1341 942 1392 61616616
963 1331 1097 1405 Spinozae
1119 1341 1227 1406 praeter

158 1453 270 1504 totum
298 1443 413 1498 hocce
438 1437 649 1495 universum
679 1435 813 1509 significat
841 1435 922 1492 nibil:
959 1435 1113 1491 1166111616
1141 1436 1226 1496 multa

160 1547 355 1621 complectatur
375 1543 492 1600 absurda
514 1549 541 1598 et
561 1549 618 1597 tum
642 1539 805 1614 experientia
826 1549 882 1596 tum
911 1539 1068 1596 notionibus
1090 1541 1227 1615 metaphy-

159 1652 223 1708 sicis
246 1649 391 1718 contraria,
414 1646 501 1703 varios
525 1653 613 1702 tamen
626 1643 771 1701 recentiori
793 1644 847 1699 hoc
867 1659 933 1700 aero
955 1642 1055 1699 invenit
1076 1643 1227 1700 adseclas.“

155 1747 258 1821 'Quales
278 1752 419 1822 consignat
440 1749 469 1804 ll.
490 1763 543 1802 van
564 1721 706 1802 Leenboio
716 1745 920 1820 Wyermarsnm
941 1745 1066 1802 comitem
1081 1754 1227 1820 utrumque

160 1850 425 1910 anoulainvntierso
446 1857 472 1905 et
493 1865 507 1904 a
530 1834 689 1916 Passemno,
712 1865 795 1920 porro
818 1847 967 1904 Tolandum
981 1847 1174 1905 Edelmannum
1196 1865 1228 1906 ac

159 1955 260 2027 scripta
283 1969 352 2025 quae
373 1951 407 2008 ad
430 1950 480 2006 hos
505 1950 579 2006 viros
596 1951 708 2006 attinent
730 1957 854 2006 accurate
875 1949 1027 2021 perscribit.
1070 1950 1135 2005 ltem
1157 1951 1228 2006 llos·

158 2053 265 2112 homins
295 2053 323 2108 in
352 2041 550 2108 institutionum
579 2051 641 2106 hist.
664 2050 729 2106 eccl.
752 2049 869 2105 editione
892 2049 976 2104 altera
1001 2047 1082 2104 1764
1104 2066 1130 2123 p.
1155 2049 1227 2109 744.

162 2153 241 2212 7451
264 2157 391 2225 „primas
411 2153 525 2208 tenent“
548 2149 635 2221 inquit
655 2148 751 2216 „inter
773 2147 920 2220 discipulos
942 2149 1076 2221 Spinozae
1094 2152 1140 2224 qui
1162 2169 1228 2225 pan·

158 2254 276 2310 'theistae
298 2267 313 2306 a
333 2245 459 2323 dogmate
481 2248 554 2320 quod
583 2265 662 2302 suum
691 2247 781 2303 iecere
804 2263 884 2319 quarn
908 2265 923 2303 a
945 2249 1074 2320 magistro
1096 2252 1227 2321 appellari

157 2353 263 2411 'malunt
284 2350 386 2406 Ludov.
407 2347 523 2405 lleierus
552 2347 670 2402 lledicus
695 2362 749 2417 qno
772 2345 939 2402 familiariter
961 2363 1027 2403 usus
1059 2355 1114 2416 est,
1141 2349 1226 2408 Lucas

162 2456 271 2529 quidam
296 2453 393 2506 Comes
415 2447 627 2504 Boulainvilliers
656 2445 820 2520 [dequibus
842 2456 920 2504 notas
943 2447 1044 2524 adjicit]
1068 2459 1094 2508 et
1117 2453 1226 2524 quidam

162 2555 235 2612 alii.“
277 2549 475 2608 Thorscbmidti
488 2549 571 2606 verba
592 2566 661 2621 quae
676 2548 704 2604 in
717 2549 804 2604 libro:
832 2549 1029 2622 linglandisclre
1043 2552 1225 2626 Freydenloer·

159 2653 310 2714 bibliothek
337 2661 355 2710 1.
377 2653 420 2710 111.
444 2651 525 2708 1766
553 2667 579 2723 p.
603 2650 665 2706 496
696 2649 882 2707 inveniuntur:
911 2653 963 2719 „in
983 2653 1085 2710 seinem
1113 2654 1227 2729 [scilicet

159 2755 285 2830 Tolandi]
305 2755 394 2810 Bncbe
416 2753 477 2810 dem
499 2769 529 2810 er
555 2753 607 2808 den
627 2753 818 2826 verdncntigen
841 2753 896 2809 und
919 2755 1163 2827 ungewdhnlicben
1185 2757 1227 2814 'li-

161 2861 198 2918 tel
218 2855 420 2914 Pantheistikon
442 2855 578 2928 gegeben,
608 2855 654 2911 bat
676 2871 706 2911 er
728 2855 780 2911 den
800 2853 899 2911 Samen
925 2855 973 2912 der
995 2856 1226 2927 Spinoaistischen

162 2957 351 3032 Gottlosiglreit
371 2961 575 3030 ausgestreuet“
601 2957 759 3028 jamsuprn
782 2964 912 3028 exparte
941 2956 1077 3014 allerenda
1106 2959 1225 3020 inerunt.

159 3065 189 3120 ln
210 3061 331 3134 ejusdem
353 3057 531 3116 bibliothecae
554 3056 647 3130 (cujus
674 3074 755 3130 opera
777 3057 878 3130 optima
900 3058 950 3114 etsi
972 3075 1026 3114 non
1048 3059 1084 3115 ita
1107 3060 1224 3118 abunda·

161 3173 202 3224 ret
222 3163 403 3236 ingenionos
425 3178 535 3234 quoque
557 3167 632 3234 grate
654 3160 699 3216 661
719 3159 828 3234 sumus)
850 3167 926 3232 parte
948 3169 1139 3233 quarta-quam
1154 3179 1225 3220 anno

162 3265 283 3337 proxime
303 3270 432 3332 sequente
453 3263 526 3318 toras
549 3262 639 3318 emisit
659 3261 761 3335 passim
782 3261 815 3319 de
836 3261 949 3319 Hiberni
970 3257 1224 3338 illiuspantbeismo

162 3364 349 3434 atheismoque
369 3361 425 3416 sive
442 3361 464 3416 si
477 3362 787 3433 despicientiaenomine
803 3381 865 3422 eum
887 3374 982 3422 notare
1002 3367 1059 3422 vult
1082 3367 1114 3424 de
1136 3369 1225 3426 111161.

160 3469 250 3538 'sterey
264 3471 290 3522 et
304 3463 507 3537 Pantheisterey
529 3463 651 3535 ejusdem
672 3466 778 3538 saepius
802 3467 942 3540 scriptitat.
984 3467 1008 3524 1.
1022 3467 1051 3522 11.
1067 3467 1225 3541 Schlegeltts
1286 3499 1291 3508 ·

162 3568 189 3624 in
210 3567 323 3622 bistoria
346 3566 526 3624 ecclesiastica
548 3567 648 3624 saeculi
671 3570 757 3626 octavi
780 3570 877 3628 decimi
899 3577 918 3625 t.
928 3569 972 3625 ·ll.
988 3568 1050 3627 784
1064 3585 1089 3643 p.
1107 3569 1168 3628 248
1183 3587 1224 3646 sq.

161 3665 311 3724 ’lolandum
331 3667 358 3722 in
381 3683 476 3724 eorum
498 3668 593 3725 ordine
616 3669 692 3742 ponit
714 3669 837 3739 „welche
859 3687 933 3726 zwar
954 3670 1006 3728 den
1021 3671 1135 3728 Worten
1155 3673 1225 3732 nath

163 3769 239 3826 einen
262 3769 325 3826 Gott
343 3768 504 3840 belannten,
527 3771 592 3828 aber
614 3771 657 3828 die
679 3772 751 3829 Welt
778 3791 811 3829 zu
826 3773 928 3829 diesem
942 3773 1005 3828 Gott
1026 3767 1149 3830 machten
1169 3775 1226 3831 und

162 3871 271 3944 iolglich
298 3871 341 3928 die
367 3872 525 3945 Soboplung
551 3874 600 3928 der
628 3873 702 3929 Welt
727 3872 872 3944 langueton
900 3871 957 3927 und
979 3872 1022 3928 die
1043 3888 1105 3926 man
1127 3871 1155 3928 in
1176 3873 1225 3930 der

163 3971 300 4043 gelehrten
323 3969 442 4042 Spracbe
465 3971 637 4026 Pantheisten
658 3973 761 4028 nennt“
789 3971 836 4042 qni
855 3985 951 4026 rursus
973 3972 1124 4043 reponendi
1144 3973 1170 4029 ei
1187 3973 1224 4030 vi·

164 4069 257 4126 dentur
271 4073 342 4128 inter
355 4070 448 4126 atheos
471 4070 505 4126 116
527 4070 625 4143 quibus
647 4071 728 4127 dicit:
751 4071 809 4140 „sie
832 4071 949 4145 laugnen
971 4072 1018 4129 das
1032 4071 1135 4148 baseyn
1150 4076 1225 4134 eines

159 4165 215 4224 'von
236 4169 284 4224 der
304 4169 378 4228 Welt
399 4173 641 4231 unterscbiedenen
670 4173 851 4232 unendlicben
874 4173 1021 4249 Schoplers
1045 4177 1101 4232 und
1122 4177 1225 4251 Regen-

163 4279 206 4328 ten
228 4257 389 4328 (16111611.ὰ
432 4273 452 4329 Ε
474 4276 586 4349 regione
600 4277 741 4334 atbeorum
764 4286 791 4335 et
813 4278 914 4336 deistae
936 4295 985 4336 seu
1005 4278 1178 4336 naturalistao
1197 4287 1224 4337 61

159 4367 379 4430 166166166116116
397 4373 489 4448 quoad
509 4376 667 4451 religionem
688 4380 821 4455 attingant
848 4379 1047 4454 collocarint·
1066 4377 1225 4440 Pantbeisti·
