<?xml version="1.0" encoding="UTF-8"?>
<!DOCTYPE html PUBLIC "-//W3C//DTD XHTML 1.0 Transitional//EN"
    "http://www.w3.org/TR/xhtml1/DTD/xhtml1-transitional.dtd">
<html xmlns="http://www.w3.org/1999/xhtml" xml:lang="en" lang="en">
 <head>
  <title>
</title>
<meta http-equiv="Content-Type" content="text/html;charset=utf-8" />
  <meta name='ocr-system' content='tesseract 3.04.00' />
  <meta name='ocr-capabilities' content='ocr_page ocr_carea ocr_par ocr_line ocrx_word'/>
</head>
<body>
  <div class='ocr_page' id='page_1' title='image "./depantheisminom00boehgoog_0056.png"; bbox 0 0 2930 4838; ppageno 0'>
   <div class='ocr_carea' id='block_1_1' title="bbox 133 629 1207 921">
    <p class='ocr_par' dir='ltr' id='par_1_1' title="bbox 133 629 1207 921">
     <span class='ocr_line' id='line_1_1' title="bbox 133 629 1207 716; baseline 0 -12"><span class='ocrx_word' id='word_1_1' title='bbox 133 655 231 704; x_wconf 79' lang='lat' dir='ltr'><strong>namus</strong></span> <span class='ocrx_word' id='word_1_2' title='bbox 260 634 459 712; x_wconf 80' lang='lat' dir='ltr'><strong>panthoismum</strong></span> <span class='ocrx_word' id='word_1_3' title='bbox 487 631 563 690; x_wconf 86' lang='lat' dir='ltr'><strong>ilium</strong></span> <span class='ocrx_word' id='word_1_4' title='bbox 590 629 760 716; x_wconf 64' lang='lat' dir='ltr'><strong>&#39;ooiioptivunt</strong></span> <span class='ocrx_word' id='word_1_5' title='bbox 788 632 836 708; x_wconf 80' lang='lat' dir='ltr'><strong>qui</strong></span> <span class='ocrx_word' id='word_1_6' title='bbox 862 636 963 709; x_wconf 81' lang='lat' dir='ltr'><strong>promit</strong></span> <span class='ocrx_word' id='word_1_7' title='bbox 996 643 1207 716; x_wconf 78' lang='lat' dir='ltr'><strong>compositarum</strong></span> 
     </span>
     <span class='ocr_line' id='line_1_2' title="bbox 133 735 1206 816; baseline -0.004 -12"><span class='ocrx_word' id='word_1_8' title='bbox 133 759 226 805; x_wconf 79' lang='lat' dir='ltr'><strong>ramur</strong></span> <span class='ocrx_word' id='word_1_9' title='bbox 247 741 378 800; x_wconf 80' lang='lat' dir='ltr'><strong>rationem</strong></span> <span class='ocrx_word' id='word_1_10' title='bbox 402 739 573 811; x_wconf 75' lang='lat' dir='ltr'><strong>disparatam.</strong></span> <span class='ocrx_word' id='word_1_11' title='bbox 587 765 629 780; x_wconf 90' lang='lat'><strong>--</strong></span> <span class='ocrx_word' id='word_1_12' title='bbox 672 735 851 810; x_wconf 80' lang='lat' dir='ltr'><strong>Postponitur</strong></span> <span class='ocrx_word' id='word_1_13' title='bbox 872 737 940 796; x_wconf 84' lang='lat' dir='ltr'><strong>hano</strong></span> <span class='ocrx_word' id='word_1_14' title='bbox 953 738 987 796; x_wconf 89' lang='lat' dir='ltr'><strong>ab</strong></span> <span class='ocrx_word' id='word_1_15' title='bbox 1002 741 1206 816; x_wconf 82' lang='lat' dir='ltr'><strong>hapauthaismo</strong></span> 
     </span>
     <span class='ocr_line' id='line_1_3' title="bbox 134 837 1205 921; baseline -0.001 -17"><span class='ocrx_word' id='word_1_16' title='bbox 134 845 163 904; x_wconf 88' lang='lat' dir='ltr'><strong>in</strong></span> <span class='ocrx_word' id='word_1_17' title='bbox 187 862 242 921; x_wconf 89' lang='lat' dir='ltr'><strong>quo</strong></span> <span class='ocrx_word' id='word_1_18' title='bbox 264 845 381 920; x_wconf 88' lang='lat' dir='ltr'><strong>primum</strong></span> <span class='ocrx_word' id='word_1_19' title='bbox 406 842 498 897; x_wconf 81' lang='lat' dir='ltr'><strong>locum</strong></span> <span class='ocrx_word' id='word_1_20' title='bbox 526 837 631 896; x_wconf 87' lang='lat' dir='ltr'><strong>obtinet</strong></span> <span class='ocrx_word' id='word_1_21' title='bbox 651 837 748 896; x_wconf 86' lang='lat' dir='ltr'><strong>unitas.</strong></span> <span class='ocrx_word' id='word_1_22' title='bbox 792 838 859 896; x_wconf 85' lang='lat' dir='ltr'><strong>Nam</strong></span> <span class='ocrx_word' id='word_1_23' title='bbox 882 841 1107 914; x_wconf 79' lang='lat' dir='ltr'><strong>compositionem</strong></span> <span class='ocrx_word' id='word_1_24' title='bbox 1129 861 1205 918; x_wconf 81' lang='lat' dir='ltr'><strong>sepa·</strong></span> 
     </span>
    </p>
   </div>
   <div class='ocr_carea' id='block_1_2' title="bbox 25 929 1204 1022">
    <p class='ocr_par' dir='ltr' id='par_1_2' title="bbox 25 929 1204 1022">
     <span class='ocr_line' id='line_1_4' title="bbox 25 929 1204 1022; baseline -0.001 -15"><span class='ocrx_word' id='word_1_25' title='bbox 25 929 26 938; x_wconf 10' lang='grc' dir='ltr'>ἵ</span> <span class='ocrx_word' id='word_1_26' title='bbox 134 957 258 1007; x_wconf 82' lang='lat' dir='ltr'><strong>ntorum</strong></span> <span class='ocrx_word' id='word_1_27' title='bbox 277 944 450 1022; x_wconf 86' lang='lat' dir='ltr'><strong>quorundam</strong></span> <span class='ocrx_word' id='word_1_28' title='bbox 471 941 624 1016; x_wconf 78' lang='lat' dir='ltr'><strong>exprimunt</strong></span> <span class='ocrx_word' id='word_1_29' title='bbox 645 929 738 1002; x_wconf 75' lang='grc' dir='ltr'><strong><em>ἅπαν</em></strong></span> <span class='ocrx_word' id='word_1_30' title='bbox 756 941 871 1015; x_wconf 79' lang='lat' dir='ltr'><strong>ejusque</strong></span> <span class='ocrx_word' id='word_1_31' title='bbox 886 943 985 1002; x_wconf 77' lang='lat' dir='ltr'><strong>similia</strong></span> <span class='ocrx_word' id='word_1_32' title='bbox 1006 934 1078 1021; x_wconf 77' lang='grc' dir='ltr'><strong>ἅμα</strong></span> <span class='ocrx_word' id='word_1_33' title='bbox 1094 939 1204 1008; x_wconf 77' lang='grc' dir='ltr'><strong><em>πάντα</em></strong></span> 
     </span>
    </p>
   </div>
   <div class='ocr_carea' id='block_1_3' title="bbox 80 1043 1205 4550">
    <p class='ocr_par' dir='ltr' id='par_1_3' title="bbox 80 1043 1205 4550">
     <span class='ocr_line' id='line_1_5' title="bbox 137 1043 1205 1120; baseline -0.006 -12"><span class='ocrx_word' id='word_1_34' title='bbox 137 1067 169 1118; x_wconf 80' lang='lat' dir='ltr'><strong>ut</strong></span> <span class='ocrx_word' id='word_1_35' title='bbox 187 1052 215 1108; x_wconf 90' lang='lat' dir='ltr'><strong>in</strong></span> <span class='ocrx_word' id='word_1_36' title='bbox 236 1065 319 1108; x_wconf 86' lang='lat' dir='ltr'><strong>versu</strong></span> <span class='ocrx_word' id='word_1_37' title='bbox 340 1046 458 1120; x_wconf 86' lang='lat' dir='ltr'><strong>quodam</strong></span> <span class='ocrx_word' id='word_1_38' title='bbox 480 1044 539 1102; x_wconf 81' lang='lat' dir='ltr'><strong>Lini</strong></span> <span class='ocrx_word' id='word_1_39' title='bbox 564 1043 639 1118; x_wconf 89' lang='lat' dir='ltr'><strong>apud</strong></span> <span class='ocrx_word' id='word_1_40' title='bbox 666 1043 813 1117; x_wconf 74' lang='lat' dir='ltr'><strong>pingerem</strong></span> <span class='ocrx_word' id='word_1_41' title='bbox 840 1044 976 1102; x_wconf 83' lang='lat' dir='ltr'><strong>Laertium</strong></span> <span class='ocrx_word' id='word_1_42' title='bbox 1005 1048 1034 1104; x_wconf 88' lang='lat' dir='ltr'><strong>in</strong></span> <span class='ocrx_word' id='word_1_43' title='bbox 1060 1047 1205 1120; x_wconf 83' lang='lat' dir='ltr'><strong>prooemio</strong></span> 
     </span>
     <span class='ocr_line' id='line_1_6' title="bbox 132 1135 1204 1226; baseline -0.007 -16"><span class='ocrx_word' id='word_1_44' title='bbox 132 1151 208 1226; x_wconf 75' lang='lat' dir='ltr'><strong>lopas</strong></span> <span class='ocrx_word' id='word_1_45' title='bbox 231 1158 312 1223; x_wconf 82' lang='lat' dir='ltr'><strong>atquo</strong></span> <span class='ocrx_word' id='word_1_46' title='bbox 332 1147 361 1204; x_wconf 89' lang='lat' dir='ltr'><strong>id</strong></span> <span class='ocrx_word' id='word_1_47' title='bbox 378 1145 452 1222; x_wconf 80' lang='lat' dir='ltr'><strong>quod</strong></span> <span class='ocrx_word' id='word_1_48' title='bbox 472 1161 529 1204; x_wconf 89' lang='lat' dir='ltr'><strong>non</strong></span> <span class='ocrx_word' id='word_1_49' title='bbox 549 1161 611 1203; x_wconf 85' lang='lat' dir='ltr'><strong>ottnr</strong></span> <span class='ocrx_word' id='word_1_50' title='bbox 632 1143 767 1218; x_wconf 77' lang='lat' dir='ltr'><strong>Hesychio</strong></span> <span class='ocrx_word' id='word_1_51' title='bbox 795 1143 868 1202; x_wconf 77' lang='lat' dir='ltr'><strong>idern</strong></span> <span class='ocrx_word' id='word_1_52' title='bbox 890 1163 922 1202; x_wconf 92' lang='lat' dir='ltr'><strong>ao</strong></span> <span class='ocrx_word' id='word_1_53' title='bbox 944 1135 1081 1222; x_wconf 69' lang='grc' dir='ltr'><strong><em>σύμπαν</em></strong></span> <span class='ocrx_word' id='word_1_54' title='bbox 1101 1148 1204 1204; x_wconf 80' lang='lat' dir='ltr'><strong>dunen·</strong></span> 
     </span>
     <span class='ocr_line' id='line_1_7' title="bbox 133 1230 1204 1326; baseline -0.004 -17"><span class='ocrx_word' id='word_1_55' title='bbox 133 1230 197 1310; x_wconf 72' lang='lat' dir='ltr'><strong>aim</strong></span> <span class='ocrx_word' id='word_1_56' title='bbox 219 1260 261 1310; x_wconf 68' lang='lat' dir='ltr'><strong>aa</strong></span> <span class='ocrx_word' id='word_1_57' title='bbox 279 1240 390 1311; x_wconf 71' lang='lat' dir='ltr'><strong>uana</strong></span> <span class='ocrx_word' id='word_1_58' title='bbox 411 1237 498 1326; x_wconf 77' lang='grc' dir='ltr'><strong><em>ὁμοῦ</em></strong></span> <span class='ocrx_word' id='word_1_59' title='bbox 525 1242 595 1321; x_wconf 70' lang='lat' dir='ltr'><strong>quaa</strong></span> <span class='ocrx_word' id='word_1_60' title='bbox 615 1247 742 1306; x_wconf 69' lang='lat' dir='ltr'><strong>uerrunt</strong></span> <span class='ocrx_word' id='word_1_61' title='bbox 772 1246 823 1303; x_wconf 77' lang='lat' dir='ltr'><strong>rau</strong></span> <span class='ocrx_word' id='word_1_62' title='bbox 845 1247 964 1304; x_wconf 64' lang='lat' dir='ltr'><strong>rumara</strong></span> <span class='ocrx_word' id='word_1_63' title='bbox 991 1248 1055 1305; x_wconf 65' lang='lat' dir='ltr'><strong>aa.</strong></span> <span class='ocrx_word' id='word_1_64' title='bbox 1083 1265 1138 1305; x_wconf 67' lang='lat' dir='ltr'><strong>aaa</strong></span> <span class='ocrx_word' id='word_1_65' title='bbox 1160 1248 1204 1306; x_wconf 77' lang='lat' dir='ltr'><strong>vu</strong></span> 
     </span>
     <span class='ocr_line' id='line_1_8' title="bbox 132 1349 1205 1425; baseline -0.003 -14"><span class='ocrx_word' id='word_1_66' title='bbox 132 1351 214 1411; x_wconf 76' lang='lat' dir='ltr'><strong>timui</strong></span> <span class='ocrx_word' id='word_1_67' title='bbox 229 1353 318 1410; x_wconf 90' lang='lat' dir='ltr'><strong>omnia</strong></span> <span class='ocrx_word' id='word_1_68' title='bbox 341 1351 474 1425; x_wconf 86' lang='lat' dir='ltr'><strong>(Spinoaa</strong></span> <span class='ocrx_word' id='word_1_69' title='bbox 494 1365 604 1423; x_wconf 87' lang='lat' dir='ltr'><strong>quoquo</strong></span> <span class='ocrx_word' id='word_1_70' title='bbox 618 1349 709 1405; x_wconf 88' lang='lat' dir='ltr'><strong>omnia</strong></span> <span class='ocrx_word' id='word_1_71' title='bbox 727 1349 808 1406; x_wconf 82' lang='lat' dir='ltr'><strong>simul</strong></span> <span class='ocrx_word' id='word_1_72' title='bbox 828 1350 999 1408; x_wconf 85' lang='lat' dir='ltr'><strong>considerata</strong></span> <span class='ocrx_word' id='word_1_73' title='bbox 1013 1350 1128 1424; x_wconf 80' lang='lat' dir='ltr'><strong>singulis</strong></span> <span class='ocrx_word' id='word_1_74' title='bbox 1141 1350 1205 1408; x_wconf 86' lang='lat' dir='ltr'><strong>ima·</strong></span> 
     </span>
     <span class='ocr_line' id='line_1_9' title="bbox 130 1452 1205 1530; baseline -0.001 -17"><span class='ocrx_word' id='word_1_75' title='bbox 130 1456 269 1530; x_wconf 77' lang='lat' dir='ltr'><strong>ginationo</strong></span> <span class='ocrx_word' id='word_1_76' title='bbox 296 1453 439 1527; x_wconf 81' lang='lat' dir='ltr'><strong>disjunctis</strong></span> <span class='ocrx_word' id='word_1_77' title='bbox 463 1453 615 1527; x_wconf 77' lang='lat' dir='ltr'><strong>opposuit).</strong></span> <span class='ocrx_word' id='word_1_78' title='bbox 666 1452 740 1510; x_wconf 83' lang='lat' dir='ltr'><strong>Idem</strong></span> <span class='ocrx_word' id='word_1_79' title='bbox 768 1453 851 1510; x_wconf 86' lang='lat' dir='ltr'>Linus</span> <span class='ocrx_word' id='word_1_80' title='bbox 880 1454 1041 1510; x_wconf 71' lang='lat' dir='ltr'>vaticinatur</span> <span class='ocrx_word' id='word_1_81' title='bbox 1067 1454 1095 1509; x_wconf 89' lang='lat' dir='ltr'><strong>in</strong></span> <span class='ocrx_word' id='word_1_82' title='bbox 1123 1465 1205 1512; x_wconf 83' lang='lat' dir='ltr'><strong>vorsu</strong></span> 
     </span>
     <span class='ocr_line' id='line_1_10' title="bbox 132 1553 1202 1632; baseline 0.001 -18"><span class='ocrx_word' id='word_1_83' title='bbox 132 1557 251 1632; x_wconf 87' lang='lat' dir='ltr'><strong>quodam</strong></span> <span class='ocrx_word' id='word_1_84' title='bbox 279 1555 327 1631; x_wconf 86' lang='lat' dir='ltr'><strong>qui</strong></span> <span class='ocrx_word' id='word_1_85' title='bbox 354 1571 416 1614; x_wconf 82' lang='lat' dir='ltr'><strong>aum</strong></span> <span class='ocrx_word' id='word_1_86' title='bbox 446 1571 526 1628; x_wconf 84' lang='lat' dir='ltr'><strong>quam</strong></span> <span class='ocrx_word' id='word_1_87' title='bbox 548 1553 684 1612; x_wconf 79' lang='lat' dir='ltr'><strong>&#39;tolandus</strong></span> <span class='ocrx_word' id='word_1_88' title='bbox 711 1553 739 1610; x_wconf 89' lang='lat' dir='ltr'><strong>in</strong></span> <span class='ocrx_word' id='word_1_89' title='bbox 760 1554 939 1626; x_wconf 80' lang='lat' dir='ltr'><strong>panthoiatioo</strong></span> <span class='ocrx_word' id='word_1_90' title='bbox 962 1554 1051 1612; x_wconf 85' lang='lat' dir='ltr'><strong>attulit</strong></span> <span class='ocrx_word' id='word_1_91' title='bbox 1072 1556 1202 1616; x_wconf 81' lang='lat' dir='ltr'><strong>contiuuo¹</strong></span> 
     </span>
     <span class='ocr_line' id='line_1_11' title="bbox 131 1645 1202 1738; baseline -0.003 -17"><span class='ocrx_word' id='word_1_92' title='bbox 131 1663 271 1738; x_wconf 76' lang='lat' dir='ltr'><strong>sequitur:</strong></span> <span class='ocrx_word' id='word_1_93' title='bbox 299 1649 411 1722; x_wconf 79' lang='grc' dir='ltr'><strong><em>πάντα</em></strong></span> <span class='ocrx_word' id='word_1_94' title='bbox 436 1648 503 1721; x_wconf 72' lang='grc' dir='ltr'><strong>δ’ἕν</strong></span> <span class='ocrx_word' id='word_1_95' title='bbox 525 1650 628 1732; x_wconf 73' lang='grc' dir='ltr'><strong><em>ἐστιν,</em></strong></span> <span class='ocrx_word' id='word_1_96' title='bbox 661 1648 798 1716; x_wconf 69' lang='grc' dir='ltr'><strong><em>ἕκαστον</em></strong></span> <span class='ocrx_word' id='word_1_97' title='bbox 825 1645 900 1728; x_wconf 73' lang='grc' dir='ltr'><strong>ἑνὸς</strong></span> <span class='ocrx_word' id='word_1_98' title='bbox 924 1650 1043 1738; x_wconf 81' lang='grc' dir='ltr'><strong><em>μέρος,</em></strong></span> <span class='ocrx_word' id='word_1_99' title='bbox 1073 1645 1129 1718; x_wconf 75' lang='grc' dir='ltr'><strong>εἶν’</strong></span> <span class='ocrx_word' id='word_1_100' title='bbox 1158 1646 1202 1718; x_wconf 73' lang='grc' dir='ltr'><strong>ἔν’</strong></span> 
     </span>
     <span class='ocr_line' id='line_1_12' title="bbox 134 1750 1203 1836; baseline -0.005 -16"><span class='ocrx_word' id='word_1_101' title='bbox 134 1752 278 1820; x_wconf 70' lang='grc' dir='ltr'><strong><em>ἅπαντα.</em></strong></span> <span class='ocrx_word' id='word_1_102' title='bbox 321 1755 420 1835; x_wconf 80' lang='grc' dir='ltr'><em>Στοβ.</em></span> <span class='ocrx_word' id='word_1_103' title='bbox 439 1750 545 1836; x_wconf 75' lang='grc' dir='ltr'><strong><em>ἐκλογ.</em></strong></span> <span class='ocrx_word' id='word_1_104' title='bbox 568 1757 611 1815; x_wconf 82' lang='lat' dir='ltr'><strong>od.</strong></span> <span class='ocrx_word' id='word_1_105' title='bbox 632 1756 766 1814; x_wconf 81' lang='lat' dir='ltr'><strong>ttatstort.</strong></span> <span class='ocrx_word' id='word_1_106' title='bbox 788 1773 815 1830; x_wconf 91' lang='lat' dir='ltr'><strong>p.</strong></span> <span class='ocrx_word' id='word_1_107' title='bbox 842 1755 911 1814; x_wconf 78' lang='lat' dir='ltr'>loe.</span> <span class='ocrx_word' id='word_1_108' title='bbox 956 1757 1031 1826; x_wconf 87' lang='lat' dir='ltr'><strong>Quao</strong></span> <span class='ocrx_word' id='word_1_109' title='bbox 1050 1758 1132 1814; x_wconf 87' lang='lat' dir='ltr'><strong>latina</strong></span> <span class='ocrx_word' id='word_1_110' title='bbox 1153 1759 1203 1816; x_wconf 89' lang='lat' dir='ltr'><strong>lin·</strong></span> 
     </span>
     <span class='ocr_line' id='line_1_13' title="bbox 135 1857 1203 1937; baseline -0.003 -18"><span class='ocrx_word' id='word_1_111' title='bbox 135 1877 190 1937; x_wconf 75' lang='lat' dir='ltr'><strong>gna</strong></span> <span class='ocrx_word' id='word_1_112' title='bbox 219 1859 397 1918; x_wconf 77' lang='lat' dir='ltr'><strong>conteruntur</strong></span> <span class='ocrx_word' id='word_1_113' title='bbox 423 1859 577 1933; x_wconf 76' lang='lat' dir='ltr'><strong>inpiatum</strong></span> <span class='ocrx_word' id='word_1_114' title='bbox 606 1858 672 1915; x_wconf 80' lang='lat' dir='ltr'><strong>iliud</strong></span> <span class='ocrx_word' id='word_1_115' title='bbox 693 1875 794 1915; x_wconf 88' lang='lat' dir='ltr'><strong>nomon</strong></span> <span class='ocrx_word' id='word_1_116' title='bbox 822 1858 950 1915; x_wconf 82' lang='lat' dir='ltr'><strong>universi.</strong></span> <span class='ocrx_word' id='word_1_117' title='bbox 993 1857 1103 1916; x_wconf 83' lang='lat' dir='ltr'><strong>Kraitus</strong></span> <span class='ocrx_word' id='word_1_118' title='bbox 1131 1859 1203 1916; x_wconf 84' lang='lat' dir='ltr'><strong>enim</strong></span> 
     </span>
     <span class='ocr_line' id='line_1_14' title="bbox 129 1953 1201 2033; baseline -0.003 -14"><span class='ocrx_word' id='word_1_119' title='bbox 129 1960 149 2019; x_wconf 85' lang='lat' dir='ltr'><strong>l.</strong></span> <span class='ocrx_word' id='word_1_120' title='bbox 167 1977 190 2018; x_wconf 90' lang='lat' dir='ltr'><strong>o.</strong></span> <span class='ocrx_word' id='word_1_121' title='bbox 213 1977 272 2018; x_wconf 84' lang='lat' dir='ltr'><strong>rem</strong></span> <span class='ocrx_word' id='word_1_122' title='bbox 294 1977 344 2018; x_wconf 93' lang='lat' dir='ltr'><strong>aou</strong></span> <span class='ocrx_word' id='word_1_123' title='bbox 373 1959 475 2033; x_wconf 76' lang='lat' dir='ltr'><strong>tetigit,</strong></span> <span class='ocrx_word' id='word_1_124' title='bbox 503 1959 604 2016; x_wconf 85' lang='lat' dir='ltr'><strong>labitur</strong></span> <span class='ocrx_word' id='word_1_125' title='bbox 629 1966 718 2016; x_wconf 81' lang='lat' dir='ltr'><strong>autom</strong></span> <span class='ocrx_word' id='word_1_126' title='bbox 740 1953 935 2016; x_wconf 80' lang='lat' dir='ltr'><strong>Doederleinus</strong></span> <span class='ocrx_word' id='word_1_127' title='bbox 957 1957 975 2014; x_wconf 88' lang='grc'><strong>1.</strong></span> <span class='ocrx_word' id='word_1_128' title='bbox 997 1977 1020 2015; x_wconf 83' lang='lat' dir='ltr'><strong>a.</strong></span> <span class='ocrx_word' id='word_1_129' title='bbox 1042 1959 1201 2016; x_wconf 68' lang='lat' dir='ltr'><strong>universum</strong></span> 
     </span>
     <span class='ocr_line' id='line_1_15' title="bbox 134 2051 1202 2138; baseline -0.007 -14"><span class='ocrx_word' id='word_1_130' title='bbox 134 2051 304 2138; x_wconf 67' lang='grc' dir='ltr'><strong><em>σύμπαντι</em></strong></span> <span class='ocrx_word' id='word_1_131' title='bbox 325 2062 545 2119; x_wconf 73' lang='lat' dir='ltr'><strong>arbitraturesse</strong></span> <span class='ocrx_word' id='word_1_132' title='bbox 564 2076 753 2133; x_wconf 66' lang='lat' dir='ltr'><strong>synonymum.</strong></span> <span class='ocrx_word' id='word_1_133' title='bbox 784 2059 881 2116; x_wconf 75' lang='lat' dir='ltr'><strong>onata</strong></span> <span class='ocrx_word' id='word_1_134' title='bbox 894 2057 1020 2116; x_wconf 85' lang='lat' dir='ltr'><strong>univorsa</strong></span> <span class='ocrx_word' id='word_1_135' title='bbox 1041 2058 1202 2116; x_wconf 81' lang='lat' dir='ltr'><strong>Germanica</strong></span> 
     </span>
     <span class='ocr_line' id='line_1_16' title="bbox 133 2140 1203 2238; baseline 0.001 -17"><span class='ocrx_word' id='word_1_136' title='bbox 133 2162 336 2238; x_wconf 80' lang='lat' dir='ltr'><strong>interpretanda</strong></span> <span class='ocrx_word' id='word_1_137' title='bbox 349 2169 416 2219; x_wconf 84' lang='lat' dir='ltr'><strong>sunt</strong></span> <span class='ocrx_word' id='word_1_138' title='bbox 428 2160 495 2218; x_wconf 78' lang='lat' dir='ltr'><strong>allas</strong></span> <span class='ocrx_word' id='word_1_139' title='bbox 511 2159 553 2216; x_wconf 85' lang='lat' dir='ltr'><strong>ins</strong></span> <span class='ocrx_word' id='word_1_140' title='bbox 568 2165 700 2233; x_wconf 80' lang='lat' dir='ltr'><strong>gosammt</strong></span> <span class='ocrx_word' id='word_1_141' title='bbox 714 2173 784 2230; x_wconf 87' lang='lat' dir='ltr'><strong>quaa</strong></span> <span class='ocrx_word' id='word_1_142' title='bbox 798 2157 881 2214; x_wconf 79' lang='lat' dir='ltr'><strong>verba</strong></span> <span class='ocrx_word' id='word_1_143' title='bbox 894 2140 1095 2216; x_wconf 78' lang='lat' dir='ltr'><strong>universionom</strong></span> <span class='ocrx_word' id='word_1_144' title='bbox 1116 2167 1147 2218; x_wconf 92' lang='lat' dir='ltr'><strong>ut</strong></span> <span class='ocrx_word' id='word_1_145' title='bbox 1164 2160 1203 2222; x_wconf 80' lang='lat' dir='ltr'><strong>ita</strong></span> 
     </span>
     <span class='ocr_line' id='line_1_17' title="bbox 131 2258 1202 2336; baseline -0.001 -14"><span class='ocrx_word' id='word_1_146' title='bbox 131 2263 220 2322; x_wconf 78' lang='lat' dir='ltr'><strong>dioam</strong></span> <span class='ocrx_word' id='word_1_147' title='bbox 239 2263 441 2322; x_wconf 78' lang='lat' dir='ltr'><strong>accuratissima</strong></span> <span class='ocrx_word' id='word_1_148' title='bbox 470 2262 629 2336; x_wconf 79' lang='lat' dir='ltr'><strong>exprimunt.</strong></span> <span class='ocrx_word' id='word_1_149' title='bbox 673 2259 816 2329; x_wconf 85' lang='lat' dir='ltr'>Quomodo</span> <span class='ocrx_word' id='word_1_150' title='bbox 845 2261 917 2320; x_wconf 85' lang='lat' dir='ltr'><strong>enim</strong></span> <span class='ocrx_word' id='word_1_151' title='bbox 936 2263 1056 2318; x_wconf 72' lang='lat' dir='ltr'><strong>atvarbo</strong></span> <span class='ocrx_word' id='word_1_152' title='bbox 1083 2258 1151 2320; x_wconf 79' lang='grc' dir='ltr'><strong>πᾶν</strong></span> <span class='ocrx_word' id='word_1_153' title='bbox 1171 2264 1202 2326; x_wconf 87' lang='lat' dir='ltr'><strong>tit</strong></span> 
     </span>
     <span class='ocr_line' id='line_1_18' title="bbox 129 2351 1202 2434; baseline 0.002 -12"><span class='ocrx_word' id='word_1_154' title='bbox 129 2351 222 2423; x_wconf 67' lang='grc' dir='ltr'><strong>ἅπαν</strong></span> <span class='ocrx_word' id='word_1_155' title='bbox 242 2364 279 2422; x_wconf 87' lang='lat' dir='ltr'><strong>ita</strong></span> <span class='ocrx_word' id='word_1_156' title='bbox 298 2380 313 2422; x_wconf 86' lang='lat' dir='ltr'>e</span> <span class='ocrx_word' id='word_1_157' title='bbox 334 2361 468 2420; x_wconf 85' lang='lat' dir='ltr'><strong>vocabulo</strong></span> <span class='ocrx_word' id='word_1_158' title='bbox 491 2368 589 2418; x_wconf 85' lang='lat' dir='ltr'><strong>sammt</strong></span> <span class='ocrx_word' id='word_1_159' title='bbox 602 2359 730 2416; x_wconf 83' lang='lat' dir='ltr'><strong>—undo</strong></span> <span class='ocrx_word' id='word_1_160' title='bbox 744 2358 896 2416; x_wconf 79' lang='lat' dir='ltr'><strong>sammtlioh</strong></span> <span class='ocrx_word' id='word_1_161' title='bbox 909 2359 984 2434; x_wconf 85' lang='lat' dir='ltr'><strong>quod</strong></span> <span class='ocrx_word' id='word_1_162' title='bbox 997 2361 1108 2418; x_wconf 86' lang='lat' dir='ltr'><strong>omnino</strong></span> <span class='ocrx_word' id='word_1_163' title='bbox 1131 2362 1202 2425; x_wconf 85' lang='lat' dir='ltr'><strong>hano</strong></span> 
     </span>
     <span class='ocr_line' id='line_1_19' title="bbox 129 2460 1201 2540; baseline 0.002 -19"><span class='ocrx_word' id='word_1_164' title='bbox 129 2462 242 2522; x_wconf 80' lang='lat' dir='ltr'><strong>alteram</strong></span> <span class='ocrx_word' id='word_1_165' title='bbox 257 2463 419 2536; x_wconf 83' lang='lat' dir='ltr'><strong>panthoisnri</strong></span> <span class='ocrx_word' id='word_1_166' title='bbox 438 2461 557 2535; x_wconf 69' lang='lat' dir='ltr'><strong>speeiem</strong></span> <span class='ocrx_word' id='word_1_167' title='bbox 569 2460 713 2535; x_wconf 76' lang='lat' dir='ltr'><strong>uiguifioat</strong></span> <span class='ocrx_word' id='word_1_168' title='bbox 732 2461 881 2520; x_wconf 80' lang='lat' dir='ltr'><strong>derivatum</strong></span> <span class='ocrx_word' id='word_1_169' title='bbox 903 2471 945 2521; x_wconf 88' lang='lat' dir='ltr'><strong>est</strong></span> <span class='ocrx_word' id='word_1_170' title='bbox 959 2497 1001 2510; x_wconf 92' lang='lat'><strong>--</strong></span> <span class='ocrx_word' id='word_1_171' title='bbox 1017 2465 1137 2540; x_wconf 77' lang='lat' dir='ltr'><strong>gignitur</strong></span> <span class='ocrx_word' id='word_1_172' title='bbox 1155 2483 1201 2540; x_wconf 71' lang='lat' dir='ltr'><strong>go«</strong></span> 
     </span>
     <span class='ocr_line' id='line_1_20' title="bbox 131 2553 1201 2638; baseline 0.005 -15"><span class='ocrx_word' id='word_1_173' title='bbox 131 2571 231 2622; x_wconf 77' lang='lat' dir='ltr'><strong>nmmt</strong></span> <span class='ocrx_word' id='word_1_174' title='bbox 251 2564 406 2638; x_wconf 75' lang='lat' dir='ltr'><strong>praeposita</strong></span> <span class='ocrx_word' id='word_1_175' title='bbox 425 2563 528 2638; x_wconf 75' lang='lat' dir='ltr'>syllaba</span> <span class='ocrx_word' id='word_1_176' title='bbox 556 2579 670 2637; x_wconf 65' lang='lat' dir='ltr'><strong>manao</strong></span> <span class='ocrx_word' id='word_1_177' title='bbox 690 2553 903 2638; x_wconf 74' lang='lat' dir='ltr'><strong>illiua&#39;syllahae</strong></span> <span class='ocrx_word' id='word_1_178' title='bbox 923 2568 1066 2626; x_wconf 81' lang='lat' dir='ltr'><strong>consimili.</strong></span> <span class='ocrx_word' id='word_1_179' title='bbox 1110 2569 1201 2638; x_wconf 74' lang='lat' dir='ltr'><strong>Quare</strong></span> 
     </span>
     <span class='ocr_line' id='line_1_21' title="bbox 127 2664 1199 2742; baseline 0.006 -20"><span class='ocrx_word' id='word_1_180' title='bbox 127 2680 184 2723; x_wconf 87' lang='lat' dir='ltr'><strong>non</strong></span> <span class='ocrx_word' id='word_1_181' title='bbox 205 2666 390 2725; x_wconf 82' lang='lat' dir='ltr'><strong>limatissimus</strong></span> <span class='ocrx_word' id='word_1_182' title='bbox 410 2665 518 2722; x_wconf 71' lang='lat' dir='ltr'><strong>vidntur</strong></span> <span class='ocrx_word' id='word_1_183' title='bbox 538 2681 605 2737; x_wconf 81' lang='lat' dir='ltr'><strong>esso¹</strong></span> <span class='ocrx_word' id='word_1_184' title='bbox 622 2664 864 2740; x_wconf 80' lang='lat' dir='ltr'><strong>Sabloiernra‘oheri</strong></span> <span class='ocrx_word' id='word_1_185' title='bbox 884 2685 951 2725; x_wconf 83' lang='lat' dir='ltr'><strong>usus</strong></span> <span class='ocrx_word' id='word_1_186' title='bbox 965 2669 1012 2742; x_wconf 90' lang='lat' dir='ltr'><strong>qui</strong></span> <span class='ocrx_word' id='word_1_187' title='bbox 1027 2671 1199 2728; x_wconf 68' lang='lat' dir='ltr'><strong>invertendo</strong></span> 
     </span>
     <span class='ocr_line' id='line_1_22' title="bbox 128 2757 1199 2843; baseline 0.002 -19"><span class='ocrx_word' id='word_1_188' title='bbox 128 2766 243 2824; x_wconf 80' lang='lat' dir='ltr'><strong>Platona</strong></span> <span class='ocrx_word' id='word_1_189' title='bbox 270 2766 409 2840; x_wconf 77' lang='lat' dir='ltr'><strong>incapite</strong></span> <span class='ocrx_word' id='word_1_190' title='bbox 437 2765 484 2822; x_wconf 92' lang='lat' dir='ltr'><strong>illo</strong></span> <span class='ocrx_word' id='word_1_191' title='bbox 506 2763 644 2822; x_wconf 79' lang='lat' dir='ltr'><strong>Theaeteti</strong></span> <span class='ocrx_word' id='word_1_192' title='bbox 670 2765 733 2824; x_wconf 91' lang='lat' dir='ltr'><strong>iooo</strong></span> <span class='ocrx_word' id='word_1_193' title='bbox 754 2757 882 2838; x_wconf 75' lang='grc' dir='ltr'><strong><em>παντὸς</em></strong></span> <span class='ocrx_word' id='word_1_194' title='bbox 906 2769 1030 2841; x_wconf 84' lang='lat' dir='ltr'><strong>posuerit</strong></span> <span class='ocrx_word' id='word_1_195' title='bbox 1058 2778 1199 2843; x_wconf 81' lang='lat' dir='ltr'><strong>gesammt,</strong></span> 
     </span>
     <span class='ocr_line' id='line_1_23' title="bbox 126 2855 1200 2941; baseline 0.003 -14"><span class='ocrx_word' id='word_1_196' title='bbox 126 2855 240 2927; x_wconf 72' lang='grc' dir='ltr'><strong><em>πάντα</em></strong></span> <span class='ocrx_word' id='word_1_197' title='bbox 265 2883 332 2926; x_wconf 80' lang='lat' dir='ltr'><strong>roro</strong></span> <span class='ocrx_word' id='word_1_198' title='bbox 354 2868 510 2941; x_wconf 81' lang='lat' dir='ltr'><strong>promiscua</strong></span> <span class='ocrx_word' id='word_1_199' title='bbox 535 2868 727 2941; x_wconf 79' lang='lat' dir='ltr'><strong>interpretatus</strong></span> <span class='ocrx_word' id='word_1_200' title='bbox 756 2869 794 2926; x_wconf 84' lang='lat' dir='ltr'><strong>sit</strong></span> <span class='ocrx_word' id='word_1_201' title='bbox 817 2869 957 2926; x_wconf 82' lang='lat' dir='ltr'><strong>vocabulis</strong></span> <span class='ocrx_word' id='word_1_202' title='bbox 982 2871 1150 2930; x_wconf 79' lang='lat' dir='ltr'><strong>rtmmtlioha</strong></span> <span class='ocrx_word' id='word_1_203' title='bbox 1171 2879 1200 2930; x_wconf 84' lang='lat' dir='ltr'><strong>et</strong></span> 
     </span>
     <span class='ocr_line' id='line_1_24' title="bbox 127 2969 1199 3046; baseline 0.002 -18"><span class='ocrx_word' id='word_1_204' title='bbox 127 2977 285 3044; x_wconf 78' lang='lat' dir='ltr'><strong>gosamntto.</strong></span> <span class='ocrx_word' id='word_1_205' title='bbox 327 2970 447 3044; x_wconf 75' lang='lat' dir='ltr'><strong>Huiusce</strong></span> <span class='ocrx_word' id='word_1_206' title='bbox 465 2987 532 3029; x_wconf 84' lang='lat' dir='ltr'><strong>voro</strong></span> <span class='ocrx_word' id='word_1_207' title='bbox 560 2969 691 3028; x_wconf 80' lang='lat' dir='ltr'><strong>vocabuli</strong></span> <span class='ocrx_word' id='word_1_208' title='bbox 711 2970 843 3044; x_wconf 81' lang='lat' dir='ltr'><strong>partioria</strong></span> <span class='ocrx_word' id='word_1_209' title='bbox 864 2971 1019 3046; x_wconf 83' lang='lat' dir='ltr'><strong>praeposita</strong></span> <span class='ocrx_word' id='word_1_210' title='bbox 1040 2972 1136 3030; x_wconf 86' lang='lat' dir='ltr'><strong>similis</strong></span> <span class='ocrx_word' id='word_1_211' title='bbox 1157 2980 1199 3030; x_wconf 85' lang='lat' dir='ltr'><strong>est</strong></span> 
     </span>
     <span class='ocr_line' id='line_1_25' title="bbox 128 3055 1198 3154; baseline 0.007 -30"><span class='ocrx_word' id='word_1_212' title='bbox 128 3065 235 3127; x_wconf 85' lang='lat' dir='ltr'><strong>litterae</strong></span> <span class='ocrx_word' id='word_1_213' title='bbox 256 3069 351 3128; x_wconf 87' lang='lat' dir='ltr'><strong>initiali</strong></span> <span class='ocrx_word' id='word_1_214' title='bbox 368 3069 445 3127; x_wconf 82' lang='lat' dir='ltr'><strong>vorbi</strong></span> <span class='ocrx_word' id='word_1_215' title='bbox 466 3058 558 3142; x_wconf 75' lang='grc' dir='ltr'><strong><em>ἅπας</em></strong></span> <span class='ocrx_word' id='word_1_216' title='bbox 586 3086 666 3145; x_wconf 88' lang='lat' dir='ltr'><strong>quam</strong></span> <span class='ocrx_word' id='word_1_217' title='bbox 692 3077 850 3144; x_wconf 76' lang='lat' dir='ltr'><strong>nuncuparit</strong></span> <span class='ocrx_word' id='word_1_218' title='bbox 873 3055 968 3152; x_wconf 71' lang='lat' dir='ltr'><strong>a&#39;a‘tpa</strong></span> <span class='ocrx_word' id='word_1_219' title='bbox 991 3058 1198 3154; x_wconf 74' lang='grc' dir='ltr'><strong><em>ἆθροιτικόν.</em></strong></span> 
     </span>
     <span class='ocr_line' id='line_1_26' title="bbox 80 3161 1197 3249; baseline 0 -19"><span class='ocrx_word' id='word_1_220' title='bbox 80 3223 91 3230; x_wconf 86' lang='grc'><strong>.</strong></span> <span class='ocrx_word' id='word_1_221' title='bbox 125 3201 165 3215; x_wconf 88' lang='lat'><strong>··</strong></span> <span class='ocrx_word' id='word_1_222' title='bbox 190 3169 357 3246; x_wconf 80' lang='lat' dir='ltr'><strong>Gopuiantur</strong></span> <span class='ocrx_word' id='word_1_223' title='bbox 375 3179 465 3231; x_wconf 85' lang='lat' dir='ltr'><strong>autom</strong></span> <span class='ocrx_word' id='word_1_224' title='bbox 485 3180 512 3231; x_wconf 85' lang='lat' dir='ltr'><strong>at</strong></span> <span class='ocrx_word' id='word_1_225' title='bbox 532 3163 667 3249; x_wconf 79' lang='grc' dir='ltr'><strong><em>σύμπαν</em></strong></span> <span class='ocrx_word' id='word_1_226' title='bbox 688 3181 715 3230; x_wconf 85' lang='lat' dir='ltr'><strong>ot</strong></span> <span class='ocrx_word' id='word_1_227' title='bbox 738 3161 829 3232; x_wconf 78' lang='grc' dir='ltr'><strong><em>ἅπαν</em></strong></span> <span class='ocrx_word' id='word_1_228' title='bbox 851 3173 880 3229; x_wconf 89' lang='lat' dir='ltr'><strong>in</strong></span> <span class='ocrx_word' id='word_1_229' title='bbox 894 3173 1007 3232; x_wconf 81' lang='lat' dir='ltr'><strong>notione</strong></span> <span class='ocrx_word' id='word_1_230' title='bbox 1028 3167 1197 3234; x_wconf 75' lang='grc' dir='ltr'><strong><em>συνάπαν-</em></strong></span> 
     </span>
     <span class='ocr_line' id='line_1_27' title="bbox 124 3263 1197 3354; baseline 0.007 -28"><span class='ocrx_word' id='word_1_231' title='bbox 124 3283 183 3340; x_wconf 76' lang='grc' dir='ltr'><strong>τος</strong></span> <span class='ocrx_word' id='word_1_232' title='bbox 204 3273 278 3342; x_wconf 88' lang='lat' dir='ltr'><strong>quod</strong></span> <span class='ocrx_word' id='word_1_233' title='bbox 293 3279 334 3328; x_wconf 88' lang='lat' dir='ltr'><strong>ost</strong></span> <span class='ocrx_word' id='word_1_234' title='bbox 352 3265 538 3354; x_wconf 80' lang='grc' dir='ltr'><strong><em>συλλήβδην</em></strong></span> <span class='ocrx_word' id='word_1_235' title='bbox 560 3263 652 3334; x_wconf 73' lang='grc' dir='ltr'><strong><em>ἅπαν</em></strong></span> <span class='ocrx_word' id='word_1_236' title='bbox 674 3271 957 3351; x_wconf 74' lang='lat' dir='ltr'><strong>(Platodorep.585.</strong></span> <span class='ocrx_word' id='word_1_237' title='bbox 973 3275 1001 3334; x_wconf 85' lang='lat' dir='ltr'><strong>G.</strong></span> <span class='ocrx_word' id='word_1_238' title='bbox 1017 3275 1050 3334; x_wconf 87' lang='lat' dir='ltr'><strong>oi.</strong></span> <span class='ocrx_word' id='word_1_239' title='bbox 1074 3290 1197 3335; x_wconf 83' lang='grc' dir='ltr'><strong><em>συνα-</em></strong></span> 
     </span>
     <span class='ocr_line' id='line_1_28' title="bbox 125 3360 1197 3454; baseline -0.001 -21"><span class='ocrx_word' id='word_1_240' title='bbox 125 3360 303 3454; x_wconf 77' lang='grc' dir='ltr'><strong><em>θροίζειν).</em></strong></span> <span class='ocrx_word' id='word_1_241' title='bbox 326 3405 370 3421; x_wconf 88' lang='lat'><em>-</em></span> <span class='ocrx_word' id='word_1_242' title='bbox 402 3373 436 3430; x_wconf 84' lang='lat' dir='ltr'><strong>Hi</strong></span> <span class='ocrx_word' id='word_1_243' title='bbox 450 3381 506 3431; x_wconf 86' lang='lat' dir='ltr'><strong>tros</strong></span> <span class='ocrx_word' id='word_1_244' title='bbox 526 3376 600 3431; x_wconf 91' lang='lat' dir='ltr'><strong>modi</strong></span> <span class='ocrx_word' id='word_1_245' title='bbox 622 3371 704 3450; x_wconf 80' lang='lat' dir='ltr'><strong>igitur</strong></span> <span class='ocrx_word' id='word_1_246' title='bbox 725 3380 840 3453; x_wconf 90' lang='lat' dir='ltr'><strong>primam</strong></span> <span class='ocrx_word' id='word_1_247' title='bbox 862 3379 978 3435; x_wconf 84' lang='lat' dir='ltr'><strong>sormam</strong></span> <span class='ocrx_word' id='word_1_248' title='bbox 995 3378 1054 3449; x_wconf 81' lang='lat' dir='ltr'><strong>ejus</strong></span> <span class='ocrx_word' id='word_1_249' title='bbox 1076 3377 1197 3449; x_wconf 85' lang='lat' dir='ltr'><strong>panthoi-</strong></span> 
     </span>
     <span class='ocr_line' id='line_1_29' title="bbox 123 3475 1111 3554; baseline 0.002 -22"><span class='ocrx_word' id='word_1_250' title='bbox 123 3475 177 3532; x_wconf 81' lang='lat' dir='ltr'><strong>ami</strong></span> <span class='ocrx_word' id='word_1_251' title='bbox 197 3476 299 3551; x_wconf 78' lang='lat' dir='ltr'><strong>speciei</strong></span> <span class='ocrx_word' id='word_1_252' title='bbox 319 3491 373 3550; x_wconf 91' lang='lat' dir='ltr'><strong>qua</strong></span> <span class='ocrx_word' id='word_1_253' title='bbox 394 3491 486 3533; x_wconf 85' lang='lat' dir='ltr'><strong>rorum</strong></span> <span class='ocrx_word' id='word_1_254' title='bbox 500 3475 643 3533; x_wconf 87' lang='lat' dir='ltr'><strong>multitudo</strong></span> <span class='ocrx_word' id='word_1_255' title='bbox 659 3481 790 3551; x_wconf 82' lang='lat' dir='ltr'><strong>quaedam</strong></span> <span class='ocrx_word' id='word_1_256' title='bbox 810 3480 922 3554; x_wconf 89' lang='lat' dir='ltr'><strong>ponitur</strong></span> <span class='ocrx_word' id='word_1_257' title='bbox 936 3479 1111 3536; x_wconf 85' lang='lat' dir='ltr'><strong>constituunt.</strong></span> 
     </span>
     <span class='ocr_line' id='line_1_30' title="bbox 229 3570 1195 3652; baseline 0.002 -20"><span class='ocrx_word' id='word_1_258' title='bbox 229 3575 330 3634; x_wconf 78' lang='lat' dir='ltr'><strong>Contra</strong></span> <span class='ocrx_word' id='word_1_259' title='bbox 351 3592 383 3634; x_wconf 86' lang='lat' dir='ltr'><strong>oa</strong></span> <span class='ocrx_word' id='word_1_260' title='bbox 404 3575 428 3632; x_wconf 83' lang='lat' dir='ltr'><strong>si</strong></span> <span class='ocrx_word' id='word_1_261' title='bbox 453 3570 521 3634; x_wconf 78' lang='grc' dir='ltr'><strong>πᾶν</strong></span> <span class='ocrx_word' id='word_1_262' title='bbox 542 3574 686 3635; x_wconf 78' lang='lat' dir='ltr'><strong>distruute</strong></span> <span class='ocrx_word' id='word_1_263' title='bbox 708 3580 843 3652; x_wconf 78' lang='lat' dir='ltr'><strong>cogitatur</strong></span> <span class='ocrx_word' id='word_1_264' title='bbox 864 3595 979 3651; x_wconf 86' lang='lat' dir='ltr'><strong>prorsus</strong></span> <span class='ocrx_word' id='word_1_265' title='bbox 1002 3578 1110 3636; x_wconf 86' lang='lat' dir='ltr'><strong>divorso</strong></span> <span class='ocrx_word' id='word_1_266' title='bbox 1132 3577 1195 3636; x_wconf 87' lang='lat' dir='ltr'>loco</span> 
     </span>
     <span class='ocr_line' id='line_1_31' title="bbox 126 3669 1196 3755; baseline 0.007 -27"><span class='ocrx_word' id='word_1_267' title='bbox 126 3689 172 3729; x_wconf 83' lang='lat' dir='ltr'><strong>rea</strong></span> <span class='ocrx_word' id='word_1_268' title='bbox 187 3691 218 3731; x_wconf 80' lang='lat' dir='ltr'><strong>aa</strong></span> <span class='ocrx_word' id='word_1_269' title='bbox 230 3676 320 3734; x_wconf 81' lang='lat' dir='ltr'><strong>habat.</strong></span> <span class='ocrx_word' id='word_1_270' title='bbox 346 3672 430 3738; x_wconf 81' lang='grc' dir='ltr'><strong>Πᾶν’</strong></span> <span class='ocrx_word' id='word_1_271' title='bbox 442 3676 514 3735; x_wconf 84' lang='lat' dir='ltr'><strong>enim</strong></span> <span class='ocrx_word' id='word_1_272' title='bbox 530 3694 582 3752; x_wconf 90' lang='lat' dir='ltr'><strong>qua</strong></span> <span class='ocrx_word' id='word_1_273' title='bbox 597 3687 638 3736; x_wconf 86' lang='lat' dir='ltr'><strong>ost</strong></span> <span class='ocrx_word' id='word_1_274' title='bbox 652 3675 721 3738; x_wconf 78' lang='grc' dir='ltr'><strong>πᾶν</strong></span> <span class='ocrx_word' id='word_1_275' title='bbox 743 3669 881 3738; x_wconf 74' lang='grc' dir='ltr'><strong><em>ἕκαστον</em></strong></span> <span class='ocrx_word' id='word_1_276' title='bbox 903 3680 959 3738; x_wconf 86' lang='lat' dir='ltr'><strong>sive</strong></span> <span class='ocrx_word' id='word_1_277' title='bbox 977 3679 1067 3737; x_wconf 77' lang='lat' dir='ltr'><strong>omitia</strong></span> <span class='ocrx_word' id='word_1_278' title='bbox 1089 3679 1196 3755; x_wconf 79' lang='lat' dir='ltr'><strong>singula</strong></span> 
     </span>
     <span class='ocr_line' id='line_1_32' title="bbox 125 3753 1194 3856; baseline 0.003 -22"><span class='ocrx_word' id='word_1_279' title='bbox 125 3761 175 3835; x_wconf 69' lang='grc' dir='ltr'><strong>ἑνὶ</strong></span> <span class='ocrx_word' id='word_1_280' title='bbox 196 3753 323 3856; x_wconf 74' lang='grc' dir='ltr'><strong><em>ἑκάστῳ</em></strong></span> <span class='ocrx_word' id='word_1_281' title='bbox 347 3779 364 3834; x_wconf 93' lang='lat' dir='ltr'><strong>i.</strong></span> <span class='ocrx_word' id='word_1_282' title='bbox 386 3797 409 3837; x_wconf 88' lang='lat' dir='ltr'><strong>e.</strong></span> <span class='ocrx_word' id='word_1_283' title='bbox 432 3782 579 3856; x_wconf 83' lang='lat' dir='ltr'><strong>unicuique</strong></span> <span class='ocrx_word' id='word_1_284' title='bbox 598 3779 732 3848; x_wconf 83' lang='lat' dir='ltr'><strong>convenit,</strong></span> <span class='ocrx_word' id='word_1_285' title='bbox 753 3780 845 3838; x_wconf 83' lang='lat' dir='ltr'><strong>itidem</strong></span> <span class='ocrx_word' id='word_1_286' title='bbox 871 3783 965 3840; x_wconf 83' lang='lat' dir='ltr'><strong>deitas.</strong></span> <span class='ocrx_word' id='word_1_287' title='bbox 1009 3781 1038 3837; x_wconf 87' lang='lat' dir='ltr'><strong>Si</strong></span> <span class='ocrx_word' id='word_1_288' title='bbox 1058 3782 1133 3837; x_wconf 91' lang='lat' dir='ltr'><strong>huno</strong></span> <span class='ocrx_word' id='word_1_289' title='bbox 1148 3781 1194 3837; x_wconf 85' lang='lat' dir='ltr'><strong>he·</strong></span> 
     </span>
     <span class='ocr_line' id='line_1_33' title="bbox 125 3875 1195 3954; baseline 0.003 -21"><span class='ocrx_word' id='word_1_290' title='bbox 125 3875 345 3934; x_wconf 79' lang='lat' dir='ltr'><strong>oastotheismuni</strong></span> <span class='ocrx_word' id='word_1_291' title='bbox 372 3895 482 3952; x_wconf 80' lang='lat' dir='ltr'><strong>quoquo</strong></span> <span class='ocrx_word' id='word_1_292' title='bbox 508 3883 619 3940; x_wconf 84' lang='lat' dir='ltr'><strong>nomina</strong></span> <span class='ocrx_word' id='word_1_293' title='bbox 644 3898 704 3938; x_wconf 88' lang='lat' dir='ltr'><strong>oum</strong></span> <span class='ocrx_word' id='word_1_294' title='bbox 732 3897 801 3939; x_wconf 85' lang='lat' dir='ltr'>voco</span> <span class='ocrx_word' id='word_1_295' title='bbox 829 3877 897 3941; x_wconf 79' lang='grc' dir='ltr'><strong>πᾶν</strong></span> <span class='ocrx_word' id='word_1_296' title='bbox 919 3898 1041 3939; x_wconf 76' lang='lat' dir='ltr'><strong>connexo</strong></span> <span class='ocrx_word' id='word_1_297' title='bbox 1064 3880 1195 3954; x_wconf 85' lang='lat' dir='ltr'><strong>appellari</strong></span> 
     </span>
     <span class='ocr_line' id='line_1_34' title="bbox 128 3965 1194 4054; baseline 0.005 -21"><span class='ocrx_word' id='word_1_298' title='bbox 128 3985 255 4052; x_wconf 87' lang='lat' dir='ltr'><strong>oporteat</strong></span> <span class='ocrx_word' id='word_1_299' title='bbox 277 3977 368 4038; x_wconf 80' lang='lat' dir='ltr'><strong>dicore</strong></span> <span class='ocrx_word' id='word_1_300' title='bbox 389 3979 479 4054; x_wconf 89' lang='lat' dir='ltr'><strong>possis</strong></span> <span class='ocrx_word' id='word_1_301' title='bbox 493 3965 803 4054; x_wconf 75' lang='lat' dir='ltr'><strong>panhooastotheismum</strong></span> <span class='ocrx_word' id='word_1_302' title='bbox 826 3983 870 4040; x_wconf 82' lang='lat' dir='ltr'><strong>vol</strong></span> <span class='ocrx_word' id='word_1_303' title='bbox 891 3985 914 4042; x_wconf 88' lang='lat' dir='ltr'><strong>si</strong></span> <span class='ocrx_word' id='word_1_304' title='bbox 936 3982 1070 4040; x_wconf 84' lang='lat' dir='ltr'><strong>vocabulo</strong></span> <span class='ocrx_word' id='word_1_305' title='bbox 1091 3984 1194 4054; x_wconf 87' lang='lat' dir='ltr'><strong>sesqui·</strong></span> 
     </span>
     <span class='ocr_line' id='line_1_35' title="bbox 126 4071 1194 4155; baseline 0.007 -23"><span class='ocrx_word' id='word_1_306' title='bbox 126 4077 217 4152; x_wconf 83' lang='lat' dir='ltr'><strong>pedali</strong></span> <span class='ocrx_word' id='word_1_307' title='bbox 236 4087 385 4154; x_wconf 84' lang='lat' dir='ltr'><strong>anteponas</strong></span> <span class='ocrx_word' id='word_1_308' title='bbox 405 4071 489 4155; x_wconf 78' lang='lat' dir='ltr'><strong>paulo</strong></span> <span class='ocrx_word' id='word_1_309' title='bbox 510 4098 575 4138; x_wconf 84' lang='lat' dir='ltr'><strong>sano</strong></span> <span class='ocrx_word' id='word_1_310' title='bbox 596 4081 705 4139; x_wconf 85' lang='lat' dir='ltr'><strong>brevius</strong></span> <span class='ocrx_word' id='word_1_311' title='bbox 726 4083 790 4140; x_wconf 86' lang='lat' dir='ltr'><strong>licet</strong></span> <span class='ocrx_word' id='word_1_312' title='bbox 802 4084 883 4141; x_wconf 89' lang='lat' dir='ltr'><strong>nimia</strong></span> <span class='ocrx_word' id='word_1_313' title='bbox 899 4085 1014 4140; x_wconf 82' lang='lat' dir='ltr'><strong>tortasse</strong></span> <span class='ocrx_word' id='word_1_314' title='bbox 1031 4091 1088 4140; x_wconf 85' lang='lat' dir='ltr'><strong>arta</strong></span> <span class='ocrx_word' id='word_1_315' title='bbox 1101 4081 1194 4140; x_wconf 86' lang='lat' dir='ltr'><strong>fiotum</strong></span> 
     </span>
     <span class='ocr_line' id='line_1_36' title="bbox 127 4175 1193 4268; baseline 0.005 -31"><span class='ocrx_word' id='word_1_316' title='bbox 127 4179 262 4238; x_wconf 85' lang='lat' dir='ltr'><strong>oonoedas</strong></span> <span class='ocrx_word' id='word_1_317' title='bbox 279 4184 507 4257; x_wconf 89' lang='lat' dir='ltr'><strong>parapantheismi</strong></span> <span class='ocrx_word' id='word_1_318' title='bbox 528 4201 629 4243; x_wconf 82' lang='lat' dir='ltr'><strong>nornen</strong></span> <span class='ocrx_word' id='word_1_319' title='bbox 651 4201 712 4242; x_wconf 88' lang='lat' dir='ltr'><strong>oum</strong></span> <span class='ocrx_word' id='word_1_320' title='bbox 724 4185 920 4260; x_wconf 84' lang='lat' dir='ltr'><strong>praepositioni</strong></span> <span class='ocrx_word' id='word_1_321' title='bbox 939 4175 1033 4268; x_wconf 81' lang='grc' dir='ltr'><strong><em>παρὰ</em></strong></span> <span class='ocrx_word' id='word_1_322' title='bbox 1048 4185 1111 4243; x_wconf 90' lang='lat' dir='ltr'><strong>insit</strong></span> <span class='ocrx_word' id='word_1_323' title='bbox 1133 4203 1193 4242; x_wconf 83' lang='lat' dir='ltr'><strong>seu·</strong></span> 
     </span>
     <span class='ocr_line' id='line_1_37' title="bbox 126 4265 1190 4365; baseline 0.006 -28"><span class='ocrx_word' id='word_1_324' title='bbox 126 4280 210 4338; x_wconf 85' lang='lat' dir='ltr'><strong>tentia</strong></span> <span class='ocrx_word' id='word_1_325' title='bbox 229 4283 408 4357; x_wconf 80' lang='lat' dir='ltr'><strong>appositionis</strong></span> <span class='ocrx_word' id='word_1_326' title='bbox 430 4287 527 4361; x_wconf 80' lang='lat' dir='ltr'><strong>copula</strong></span> <span class='ocrx_word' id='word_1_327' title='bbox 550 4287 667 4361; x_wconf 73' lang='lat' dir='ltr'><strong>expertis</strong></span> <span class='ocrx_word' id='word_1_328' title='bbox 690 4296 718 4346; x_wconf 85' lang='lat' dir='ltr'><strong>et</strong></span> <span class='ocrx_word' id='word_1_329' title='bbox 738 4265 995 4364; x_wconf 70' lang='lat' dir='ltr'><strong>loquendiiormao</strong></span> <span class='ocrx_word' id='word_1_330' title='bbox 1015 4287 1089 4346; x_wconf 83' lang='lat' dir='ltr'><strong>volut</strong></span> <span class='ocrx_word' id='word_1_331' title='bbox 1108 4271 1190 4365; x_wconf 82' lang='grc' dir='ltr'><strong><em>παρ’</em></strong></span> 
     </span>
     <span class='ocr_line' id='line_1_38' title="bbox 127 4364 1202 4474; baseline 0.001 -32"><span class='ocrx_word' id='word_1_332' title='bbox 127 4364 218 4466; x_wconf 82' lang='grc' dir='ltr'><strong><em>ἦμαρ</em></strong></span> <span class='ocrx_word' id='word_1_333' title='bbox 248 4375 494 4474; x_wconf 51' lang='lat' dir='ltr'><strong>pupianum</strong></span> <span class='ocrx_word' id='word_1_334' title='bbox 507 4401 508 4406; x_wconf 75' lang='grc'>’</span> <span class='ocrx_word' id='word_1_335' title='bbox 521 4375 650 4473; x_wconf 75' lang='grc' dir='ltr'><strong><em>ἡμέραν</em></strong></span> <span class='ocrx_word' id='word_1_336' title='bbox 679 4387 713 4472; x_wconf 90' lang='lat' dir='ltr'><strong>(i.</strong></span> <span class='ocrx_word' id='word_1_337' title='bbox 737 4409 761 4454; x_wconf 82' lang='lat' dir='ltr'><strong>o.</strong></span> <span class='ocrx_word' id='word_1_338' title='bbox 785 4393 814 4452; x_wconf 92' lang='lat' dir='ltr'><strong>in</strong></span> <span class='ocrx_word' id='word_1_339' title='bbox 843 4390 916 4472; x_wconf 82' lang='lat' dir='ltr'><strong>dies)</strong></span> <span class='ocrx_word' id='word_1_340' title='bbox 938 4390 1004 4450; x_wconf 82' lang='lat' dir='ltr'><strong>satio</strong></span> <span class='ocrx_word' id='word_1_341' title='bbox 1032 4387 1202 4450; x_wconf 68' lang='lat' dir='ltr'><strong>enumera·</strong></span> 
     </span>
     <span class='ocr_line' id='line_1_39' title="bbox 964 4490 988 4550; baseline 0 0"><span class='ocrx_word' id='word_1_342' title='bbox 964 4490 988 4550; x_wconf 81' lang='lat'>4</span> 
     </span>
    </p>
   </div>
   <div class='ocr_carea' id='block_1_4' title="bbox 0 0 1470 4838">
    <p class='ocr_par' dir='ltr' id='par_1_4' title="bbox 0 0 1470 4838">
     <span class='ocr_line' id='line_1_40' title="bbox 0 0 1470 4838; baseline 0 4"><span class='ocrx_word' id='word_1_343' title='bbox 0 0 1470 4838; x_wconf 95' lang='lat' dir='ltr'><strong> </strong></span> 
     </span>
    </p>
   </div>
  </div>
 </body>
</html>
