2930 4838
775 415 826 498 ii.

264 592 318 654 pon
338 591 404 636 vero
425 585 516 638 censet
538 576 678 640 confflem
698 579 786 650 „eine
808 581 927 659 liturgic
955 583 1000 646 ihr
1026 587 1121 650 tolche
1147 561 1251 658 welche
1273 598 1336 666 dem

262 684 489 758 spinozistischen
509 683 697 744 Pantlieismus
719 687 853 762 augethan
874 689 970 748 sind.“
1013 692 1092 762 Quod
1111 683 1275 774 Spinozismi
1296 714 1334 764 at'·

263 783 394 852 tributum
412 783 479 858 juge
500 785 663 859 pantheismi
683 785 806 844 videatur
829 787 937 848 ducere.

263 945 268 952 ,
362 885 566 960 licspirantihus
593 903 658 944 vero
688 886 768 960 nohis
799 905 860 946 cum
889 893 1138 968 appropinquemus
1160 899 1268 960 undem
1296 905 1331 964 sd

261 995 367 1062 tempus
389 1005 444 1062 quo
471 987 585 1064 interior
604 987 774 1062 Spinoaanae
802 989 941 1050 doctrinae
964 997 1082 1070 cognitio
1104 997 1214 1058 laetiora
1242 1003 1328 1063 incre·

182 1103 186 1112 ’
259 1101 351 1152 menta
372 1091 444 1166 oepit
463 1091 613 1150 laudandus
635 1108 708 1150 nunc
737 1101 779 1150 est
799 1092 934 1152 Bruuonis
962 1105 989 1154 et
1010 1077 1144 1172 Spindaae
1164 1094 1328 1162 instauratoi

259 1193 457 1252 illustrissimus
472 1225 512 1238 -
526 1195 569 1258 vir
591 1211 660 1270 opus
679 1204 721 1253 est
740 1197 885 1274 ennuciare
907 1214 1007 1278 nomen
1029 1199 1057 1259 p,
1073 1203 1107 1264 tt.
1123 1204 1236 1264 Jacohii.
1276 1208 1331 1266 llic·

257 1295 332 1356 enim
353 1297 404 1354 etsi
424 1296 569 1370 Spinonem
596 1297 703 1370 penitus
725 1297 891 1374 intelligendi
918 1318 1017 1360 munus
1038 1306 1186 1378 posteriori
1211 1293 1329 1384 tempori

258 1398 409 1472 repositum
434 1397 626 1472 conditumque
653 1398 752 1470 partim
781 1399 865 1456 suerit
892 1401 990 1476 partim
1018 1403 1153 1479 hodieque
1175 1408 1210 1465 sit
1236 1416 1327 1466 tamen

256 1497 461 1572 intelligentiam
484 1514 615 1572 quaenam
639 1515 702 1554 vera
724 1498 805 1556 inerit
825 1500 1052 1577 philosophorum
1073 1505 1182 1564 illorum
1204 1509 1329 1568 doctrina

221 1668 224 1672 ,
257 1600 452 1660 accuratiorem
478 1617 558 1674 quam
587 1617 656 1676 quae
683 1610 745 1658 ante
773 1619 834 1660 euru
862 1604 998 1662 iuvenitur
1026 1615 1052 1665 et
1074 1611 1196 1666 accendit
1216 1611 1275 1685 ipse
1299 1620 1326 1670 et

257 1705 354 1782 doctos
375 1704 448 1760 viros
468 1712 497 1760 ut
516 1703 550 1760 ad
567 1704 678 1760 Jordaui
692 1705 883 1782 Benedictique
905 1709 1022 1768 studium
1044 1709 1144 1768 iteratis
1168 1711 1240 1768 curis
1259 1729 1323 1770 con·

255 1805 360 1866 ierrent
387 1823 448 1864 sese
470 1805 596 1864 incitavit
644 1807 787 1866 Praefatur
813 1809 894 1868 linem
922 1813 1058 1886 propositi
1087 1813 1121 1871 ad
1148 1814 1323 1889 epistolarum

255 1907 364 1966 illarum
392 1907 541 1976 doctrinam
571 1907 705 1984 Spinozae
732 1910 901 1966 tractantium
931 1913 1078 1970 editionem
1108 1916 1219 1972 alteram
1253 1932 1324 1989 quae

255 2027 326 2068 anno
351 2009 432 2070 1789
454 2011 586 2086 apparuit.
628 2011 718 2082 „llein
732 2011 933 2086 llauptzweck“
955 2013 1042 2088 inquit
1061 2013 1125 2084 „bei
1138 2017 1240 2076 diesem
1254 2019 1322 2074 hus·
1362 1989 1366 1995 Ι

256 2129 326 2186 suge
352 2113 387 2170 ist
415 2113 500 2170 durch
530 2111 809 2189 Zusammenstellung
837 2114 886 2174 des
914 2115 1005 2174 Bruno
1034 2117 1083 2190 ruit
1114 2118 1175 2175 dem
1203 2116 1322 2190 Spinoza

254 2216 401 2294 gleichsam
430 2217 473 2275 die
494 2235 600 2274 summa
621 2219 670 2276 der
691 2218 867 2288 Philosophia
896 2223 944 2280 des
975 2211 1086 2284 ἓνκαι
1105 2242 1173 2284 παν
1202 2197 1230 2282 in
1257 2222 1322 2281 mei·

254 2337 318 2390 nem
346 2319 436 2392 Buche
465 2319 629 2396 darzulegen
652 2363 661 2379 .
681 2359 689 2378 .
713 2361 719 2376 .
742 2317 908 2374 Schwerlich
939 2319 1010 2372 hann
1037 2337 1099 2371 man
1130 2324 1208 2376 einen
1233 2301 1321 2376 reine-

253 2437 304 2483 ren
325 2420 381 2478 und
403 2421 554 2478 schoneren
569 2421 670 2476 Umriss
693 2420 741 2476 des
757 2419 943 2476 Pantheismus
958 2415 994 2471 im
1015 2414 1158 2473 weitesten
1170 2395 1319 2476 Verstande

254 2523 344 2597 gehen
365 2522 404 2580 als
427 2523 473 2582 ihu
495 2522 585 2578 Bruno
610 2522 689 2594 zoqf‘
732 2518 878 2592 Prodigata
895 2533 959 2574 vero
983 2516 1097 2574 confusa
1118 2519 1164 2576 illa
1191 2519 1317 2592 imagina-

253 2623 329 2682 tione
360 2641 392 2681 ex
414 2639 467 2698 qua
488 2617 607 2696 'Spinoza
627 2621 707 2678 deum
729 2629 815 2676 totum
839 2619 924 2676 hoece
946 2617 1103 2676 universum
1125 2637 1186 2678 esse
1208 2630 1318 2678 eonten-

253 2725 339 2786 disset
359 2743 439 2800 quam
467 2725 616 2782 sexcenties
640 2723 764 2780 ruminati
786 2729 862 2780 eraut
893 2721 1004 2780 Buhlius
1025 2722 1130 2780 lacohii
1157 2723 1258 2798 scripto
1287 2731 1318 2780 ut

251 2828 358 2910 pidctnr
380 2826 511 2884 adductus
532 2826 560 2882 in
581 2827 730 2883 litterarum
758 2824 887 2882 societate
908 2825 1077 2900 Gottingensi
1101 2807 1318 2884 disseriatinnem

251 2931 319 3012 legit
345 2931 406 3002 „de
427 2938 489 2986 ortu
509 2937 536 2986 et
556 2946 704 3004 progressu
723 2927 888 2986 Pantheismi
914 2928 977 2986 inde
1005 2945 1021 2984 a
1042 2921 1207 3000 Xenophane
1228 2928 1323 3000 primo·

252 3032 311 3104 ejus
328 3039 438 3086 auctore
466 3045 554 3101 usque
580 3029 613 3086 ad
636 3027 814 3101 Spinozam“.
865 3030 947 3104 'lypis
977 3028 1095 3102 excripta
1115 3035 1157 3084 est
1184 3025 1213 3082 iu
1243 3043 1317 3086 com·

150 3148 152 3152 ·
250 3132 444 3202 mentationum
465 3129 558 3186 societ.
586 3128 703 3202 Gotting.
726 3129 778 3186 vol.
801 3130 831 3186 ll.
856 3131 949 3188 1790.
970 3130 1048 3188 class.
1070 3129 1132 3184 hist.
1161 3145 1188 3202 p.
1214 3125 1317 3182 157-

252 3235 323 3298 183.
367 3233 567 3290 Pantheismum
584 3232 763 3307 philosophus
784 3234 829 3290 hic
840 3235 913 3292 illud
938 3232 1077 3290 contendit
1100 3249 1160 3288 esse
1179 3230 1316 3304 „philoso-

250 3337 347 3412 phema
371 3351 425 3410 quo
446 3333 556 3408 ponitur
585 3335 703 3392 omnia
729 3353 798 3410 quae
825 3338 880 3395 sint
907 3338 947 3395 ad
976 3353 1081 3420 aluum
1111 3334 1235 3392 redire
1265 3333 1315 3390 id·

251 3456 317 3514 que
338 3455 440 3496 unum
467 3452 549 3512 esse
578 3437 705 3496 deum.“
754 3439 842 3498 Porro
873 3448 936 3514 post
959 3437 1150 3512 Xenophanem
1174 3433 1237 3508 fiam
1260 3433 1316 3490 hri·

249 3541 362 3622 morales
383 3543 411 3598 in
430 3538 546 3612 metaph.
575 3541 606 3596 Α.
629 3557 651 3598 c.
676 3537 693 3598 h
718 3529 736 3600 d
758 3531 954 3622 Ξενοφάνης
975 3540 1062 3616 iuquit
1083 3532 1217 3618 πρῶτος
1238 3523 1315 3596 coti-

249 3657 314 3703 πων
340 3627 461 3714 ἑνίσας]
487 3639 653 3712 pantheistas
680 3642 802 3718 nominat
830 3642 1016 3700 Parmeniden
1040 3639 1177 3700 hlclissurn
1207 3637 1314 3694 excluso
1357 3661 1363 3671 ,

249 3739 358 3801 Zenone
380 3739 562 3814 cum‘Gorgia
585 3751 612 3800 et
633 3743 770 3818 Leucippo
793 3743 947 3802 Democrito
974 3743 1062 3818 iisque
1087 3741 1133 3814 qui
1158 3741 1209 3796 hos
1231 3739 1314 3796 secuti

249 3851 315 3924 sunt
340 3859 373 3900 ac
400 3841 534 3898 Stratone
591 3845 745 3924 suspensae
773 3853 900 3904 tenentur
928 3845 1002 3902 Scoti
1030 3843 1162 3918 Erigonae
1191 3838 1313 3918 himerici

249 3944 366 4013 Dinantii
390 3944 541 4002 sentcntiae
569 3955 597 4004 ct
621 3947 757 4022 descripta
779 3949 902 4006 doctrina
923 3947 1058 4005 Brnnonis
1078 3945 1181 4004 accedit
1200 3939 1313 4006 stentque

248 4045 282 4124 ad
305 4043 459 4116 Spinozam.
503 4045 661 4122 Quanquam
681 4065 746 4106 vero
775 4049 809 4107 de
838 4049 892 4108 hoc
912 4056 1072 4123 argumento
1091 4033 1312 4114 disputationibus

247 4142 340 4214 punitis
359 4147 447 4202 modis
470 4147 618 4206 emendatis
640 4165 692 4204 nos
720 4148 816 4206 melius
846 4148 936 4206 edocti
957 4161 1066 4208 sumus,
1088 4148 1237 4222 tamenxex
1257 4131 1312 4199 uni·

247 4258 326 4302 tersa
346 4247 559 4320 pantheistarum
580 4249 713 4308 sententia
741 4249 897 4324 neutiquam
921 4241 1050 4301 conlundi
1072 4238 1153 4296 deum
1175 4231 1311 4293 mundum·

245 4361 302 4429 quc
328 4360 355 4414 ct
375 4369 465 4444 neque
488 4355 661 4436 Aristotelem
689 4353 819 4450 redolere,
840 4349 1040 4430 pauthcismum
1057 4361 1157 4446 ‘neque
1180 4341 1251 4402 idern
1272 4352 1312 4424 so·
1419 4335 1423 4477 q

1403 4767 1418 4831 l
