2930 4838
673 469 781 560 rr'

153 675 207 732 boe
229 673 275 746 qni
295 669 487 750 pantheisticae
500 669 636 728 societatis
652 685 732 743 quarn
747 668 910 745 confinxisse
927 669 1034 730 tidelm
1054 669 1103 750 (ela
1125 681 1151 746 p.
1175 669 1225 730 88.

154 772 212 850 89)
225 773 422 832 confessionem
436 773 499 830 tidei
518 773 625 830 exhibet
636 773 742 846 potiora
756 775 888 848 quaedam
904 775 1121 832 transcribamus.
1157 775 1187 832 P.
1203 771 1221 832 5

155 879 183 928 et
205 871 222 928 6
243 873 371 948 legimus:
391 873 580 942 „Pantlaeistae
593 873 719 949 [margini
735 876 846 949 apponit
860 883 967 933 notarn:
991 875 1094 949 „blagis
1112 877 1144 932 ad
1161 893 1222 932 ana·

154 969 253 1047 logiam
267 976 452 1034 Pantheicum
471 977 562 1032 etheis
584 987 759 1050 opponuntur
777 977 825 1034 sed
839 977 907 1034 Usus
929 979 976 1050 qui
987 979 1139 1051 linguarum
1160 978 1226 1034 eluit

156 1084 285 1150 tyrannus
313 1078 392 1135 aliter
416 1079 533 1135 voluit.“
582 1079 630 1134 Est
659 1079 741 1152 igitur
769 1079 896 1136 usitatum
930 1079 986 1150 jam
1016 1079 1129 1134 verbum
1156 1077 1223 1134 Pan·

154 1179 324 1254 tbeistarum]
345 1181 520 1254 utplurimum
537 1188 670 1237 vocantur
684 1188 798 1253 propter
819 1181 979 1236 senteutiam
1000 1180 1033 1236 de
1049 1180 1104 1235 lieo
1123 1179 1222 1236 etUni-

156 1295 236 1336 verso
259 1281 311 1336 sibi
328 1277 475 1356 propriam,
489 1283 635 1356 ¹Epicureis
651 1299 715 1339 vero
732 1283 874 1356 Chaologis
891 1291 917 1338 et
940 1281 1111 1354 Oneiropolis
1134 1297 1149 1337 1
1169 1282 1223 1337 dia·

60 1367 62 1374 ⁴
157 1389 243 1437 metro
261 1385 412 1456 oppositam
436 1385 619 1440 cumunilam
644 1385 829 1442 confusionem
852 1385 1015 1458 primaevam
1038 1399 1099 1439 eum
1122 1383 1223 1438 nnllam

74 1489 84 1492 “
155 1481 292 1539 fortunam
305 1485 404 1540 nedum
417 1503 507 1556 casum
521 1486 605 1541 ullum
625 1481 630 1563 Ι
650 1486 741 1542 Mundi
762 1486 888 1558 opilieem
901 1485 1041 1540 admittant
1054 1483 1224 1541 Pantheirlae

158 1583 206 1638 secl
222 1584 255 1640 de
275 1588 373 1640 rernm'
387 1603 467 1642 causa
482 1595 508 1643 et
523 1588 627 1660 origine
643 1605 704 1644 curn
719 1588 784 1642 bine
802 1585 984 1642 vetustissimo
999 1583 1223 1656 sanctissimoque

156 1685 346 1742 reconditioris
367 1689 496 1746 scientiae
518 1689 635 1744 antistite
658 1695 776 1742 statuant
799 1687 933 1742 dieentes:
962 1685 999 1740 Ex
1021 1685 1089 1740 l'oto
1113 1685 1222 1757 quidem

156 1788 332 1841 suntomnia
354 1795 433 1842 etex
466 1789 591 1843 omnibns
612 1797 653 1844 est
680 1789 776 1844 Tolum
805 1787 901 1862 [ipsius
924 1795 1022 1860 poetae
1038 1787 1131 1844 rerba
1152 1787 1222 1843 inira

159 1885 282 1956 subjicit:
304 1876 373 1955 ,,Ἐκ
395 1880 519 1960 παντὸς
542 1883 579 1949 δὲ
601 1881 643 1947 τὰ
666 1882 775 1948 πάντα
798 1882 854 1948 καὶ
880 1881 918 1948 ’ἐκ
948 1878 1080 1947 πάντων
1102 1879 1140 1946 ed
1154 1883 1222 1946 πᾶν
1308 1959 1312 1967 f

156 1976 253 2048 ἐστιν.
285 1989 360 2046 Stob.
371 1989 463 2064 Eulog.
475 1991 575 2065 Phys.“
596 1992 629 2048 Aa
644 1991 703 2048 dele
717 2008 755 2048 eo
773 2008 832 2046 cum
851 1987 966 2061 Grono]
996 1967 1222 2058 llujusversicnli

156 2105 235 2160 quern
258 2107 365 2162 semper
384 2093 484 2148 habent
504 2093 532 2146 in
554 2109 602 2147 ore
623 2092 710 2146 fusior
729 2099 770 2145 est
788 2090 927 2161 explicatio
950 2105 1029 2160 quam
1059 2103 1109 2142 nos
1132 2083 1222 2144 verbis
1291 2153 1295 2168 Ι

157 2190 249 2244 adres
266 2191 382 2246 solerter
394 2191 603 2247 accommodatis
618 2191 662 2246 hic
683 2189 802 2246 breviter
814 2189 959 2244 trademus.
1002 2187 1160 2242 Universum
1173 2187 1221 2243 ila·

145 2305 210 2361 „que
232 2291 324 2363 (cnjus
345 2293 437 2364 exigua
450 2292 540 2364 portio
563 2299 603 2348 est
618 2290 733 2347 blundus
748 2291 792 2345 laic
807 2288 992 2360 aspectabilis)
1015 2288 1148 2342 affirmant
1161 2303 1221 2344 esse

154 2391 288 2448 inlinitum
313 2401 367 2449 tam
393 2394 549 2448 extensione
576 2409 656 2464 quam
682 2392 796 2457 virtute,
827 2389 1028 2444 continuatione
1050 2403 1115 2442 vero
1136 2386 1220 2442 totins

157 2502 184 2545 et
204 2493 319 2563 partium
334 2491 507 2565 contiguitate
523 2509 621 2548 unum:
643 2491 781 2548 immobile
802 2491 950 2548 secundum
965 2495 1052 2546 totum
1068 2505 1129 2545 cum
1148 2495 1221 2544 extra

158 2607 219 2647 eum
241 2593 330 2648 nullus
351 2593 387 2649 sit
407 2593 485 2649 locus
507 2599 552 2648 aiut
573 2591 702 2664 spatium,
727 2591 828 2647 mobile
850 2597 938 2645 autem
961 2590 1109 2645 seeundum
1130 2597 1220 2660 partes

155 2692 212 2749 sive
233 2709 283 2765 per
305 2694 443 2750 intervalla
466 2709 579 2749 numero
603 2693 718 2748 infinita:
748 2689 953 2762 incorruptibile
981 2689 1060 2745 simul
1082 2695 1219 2748 11111111-

156 2794 257 2852 sarium
285 2800 403 2864 utroque
429 2792 511 2847 modo
538 2793 684 2848 ⁴existentia
710 2791 812 2848 seilicet
840 2799 979 2848 aeternum
1009 2797 1036 2846 et
1064 2789 1220 2846 duratione:

156 2894 309 2968 intelligens
331 2895 410 2950 etiam
432 2895 558 2951 eminenti
589 2895 703 2967 quadam
726 2893 830 2950 ratione
853 2909 902 2948 nee
924 2892 976 2946 nisi
998 2891 1050 2946 levi
1070 2891 1219 2948 similitudi·

106 3024 109 3032 ¹
155 3012 190 3053 ne
208 2997 305 3054 eodem
324 2998 434 3054 nomine
455 3015 515 3053 curn
538 3005 631 3053 nostra
654 2995 821 3068 intelligendi
841 2993 966 3050 facultate
980 2991 1152 3065 appellanda:
1175 3011 1232 3050 eu·.

151 3099 197 3172 jus
219 3099 335 3172 denique
363 3107 426 3156 sunt
446 3107 542 3172 partes·
555 3099 720 3172 integrantes
743 3111 851 3168 semper
868 3095 977 3151 eaedem
999 3101 1029 3148 ut
1045 3101 1135 3165 partes
1157 3111 1219 3150 oon·

154 3199 294 3255 stitnentes
315 3218 423 3273 semper
444 3201 471 3256 in
493 3205 596 3257 motu.“
639 3199 720 3256 1.-8.
734 3197 829 3266 ·„Vis
852 3197 969 3268 denique
992 3203 1018 3250 et
1040 3195 1149 3267 energia
1171 3196 1219 3252 To·

155 3301 208 3355 tius
238 3297 283 3372 [el.
304 3317 330 3371 p.
349 3292 401 3374 61]
434 3306 552 3382 creatrix
575 3305 695 3360 omnium
724 3312 751 3358 et
770 3299 943 3372 {moderatrix
971 3315 1002 3354 ae
1027 3297 1062 3354 ad
1090 3297 1221 3370 optimum

155 3401 236 3458 linem
260 3419 368 3475 semper
396 3404 600 3477 tendenslleus
630 3413 671 3462 est
696 3403 829 3478 quembl
839 3412 951 3459 entem
979 3401 1052 3456 dicas
1084 3400 1107 3455 si
1134 3400 1221 3471 placet

157 3511 184 3560 et
205 3505 359 3560 Animum
382 3505 549 3564 Universi
577 3505 649 3564 unde
671 3503 792 3564 ¹Sorlales
822 3503 953 3561 Socratici
981 3500 1094 3574 proprio
1116 3507 1146 3557 ut
1167 3501 1220 3557 dixi

154 3603 286 3662 vocabulo
306 3608 476 3681 appellantur
495 3611 665 3689 Pantheistae
687 3627 747 3668 curn
769 3609 809 3664 vis
830 3608 913 3662 haece
930 3604 1078 3662 seeundum
1095 3621 1142 3660 eos
1164 3621 1221 3660 non

153 3705 207 3760 nisi
228 3707 286 3762 sola
305 3709 409 3766 ratione
429 3709 462 3766 ab
486 3712 602 3784 ipsamet
622 3711 752 3767 Universa
775 3709 944 3781 separetur.“
986 3706 1015 3760 P.
1030 3722 1070 3778 sq.
1093 3689 1221 3778 „egregie

155 3813 290 3860 mecastor
307 3807 487 3882 Hieronymus
513 3787 554 3884 [in
571 3805 672 3882 marg:
694 3786 743 3877 „ln
764 3810 806 3864 lsa
829 3807 881 3863 oo.
903 3804 950 3879 l“]
978 3805 1085 3863 llenm
1106 3805 1220 3859 lorinse-

156 3923 203 3962 cus
233 3914 259 3964 et
288 3907 448 3966 intrinsecus
480 3912 606 3966 blundo
635 3911 797 3964 inlusum
828 3914 860 3962 et
880 3904 1136 3960 eircnmlusum
1160 3921 1219 3962 cen·

155 4010 235 4066 snit.“
279 4009 306 4066 l‘.
326 4009 367 4066 77
376 4029 382 4064 :
405 4009 541 4078 „Naturae
555 4011 656 4084 llystae
678 4027 709 4064 ae
724 4007 922 4079 Hierophantae
942 4004 1038 4060 merito
1052 4004 1142 4061 uocari
1158 4021 1219 4077 pos·

155 4118 217 4163 sunt
234 4111 434 4169 Pantheistae.“
475 4111 618 4168 l'ormulae
639 4127 704 4168 vero
727 4109 788 4166 illae
802 4105 980 4164 celebrandae
1002 4105 1156 4177 sodalitatis
1171 4107 1219 4165 So·

154 4209 268 4267 creticae
284 4214 383 4286 quibus
397 4215 518 4290 sugillari
529 4222 642 4289 apparet
658 4209 794 4288 liturgiam
806 4208 978 4283 anglicanam
993 4209 1029 4264 ita
1044 4207 1102 4265 lere
1113 4207 1219 4272 videan-

154 4319 198 4368 tur
210 4329 271 4370 esse
293 4317 457 4390 compositae
470 4319 548 4391 quasi
559 4318 721 4375 comissator
739 4314 847 4372 libellus
861 4312 896 4369 sit
910 4310 1017 4385 qualern
1030 4309 1058 4365 in
1081 4306 1219 4367 combibo-

145 4422 217 4468 ,1111
240 4411 347 4472 circulis
369 4417 490 4476 studiosa
507 4419 634 4490 juventus
652 4418 812 4493 joculariter
828 4411 1045 4472 recitaresolet*
1075 4407 1173 4486 Verum
1185 4408 1218 4466 ad
