2930 4838
679 471 789 530 Μ’

153 648 220 712 nire
237 627 387 724 ‘spinosam
415 653 447 702 ac
474 639 660 716 pbilosophis
675 639 810 700 Eleatic'os
832 641 863 700 itt
883 641 934 702 alia
956 651 1057 707 taceam
1079 649 1229 727 intelligei'e

153 771 170 814 e
191 751 279 810 Bublii
300 747 489 808 dissertatione
511 745 557 802 illa
579 743 677 802 licebat
696 744 725 804 (l.
745 744 776 802 G.
797 744 897 820 «lungio
920 748 968 820 qui
984 749 1068 808 nihilo
1089 754 1178 812 secius
1200 755 1228 817 ila

154 865 230 916 setta
264 851 439 912 iustitutionis
475 847 723 906 boedcrlcinianae·
751 849 871 906 editione
906 865 987 923 mam
1020 853 1123 921 „noris
1154 857 1227 914 curis

152 957 304 1017 emendavit
325 964 353 1014 et
372 953 470 1012 aurit“
490 949 556 1008 nibil
577 949 651 1024 quod
671 950 766 1008 'attinet
788 950 821 1008 ad
842 951 1040 1024 pantheismum
1063 955 1227 1029 ascriptione

152 1067 198 1117 aut
215 1054 430 1122 commutatione
450 1051 573 1125 indigere
592 1050 716 1108 videatur
745 1051 882 1123 putavisse
909 1051 963 1108 nisi
988 1054 1068 1126 quod·
1091 1054 1119 1110 io
1144 1071 1228 1114 cnun-

148 1159 276 1218 ciationis
295 1156 350 1214 flue
369 1154 411 1212 bis
433 1159 549 1228 poneret
569 1151 694 1210 voculam
721 1157 782 1210 aut
811 1167 862 1226 pro
893 1152 994 1227 duplici
1021 1155 1078 1213 vel
1101 1157 1175 1230 quod
1198 1149 1224 1214 ἴῃ

152 1261 246 1334 priore
267 1261 384 1316 editione
415 1257 477 1314 anni
502 1254 585 1312 1784
607 1254 715 1328 legitur.
759 1254 850 1311 Ponite
873 1271 937 1311 vero
961 1253 1003 1312 est
1024 1259 1156 1316 sententia
1181 1259 1226 1316 illa

150 1359 178 1416 iri
200 1369 277 1433 perte
295 1361 388 1433 priore
411 1355 526 1430 (1797)
548 1353 595 1410 ubi
616 1371 642 1427 p.
658 1351 720 1412 268
738 1352 870 1417 deatltcis
893 1354 929 1411 ita
952 1355 1077 1414 disserit:
1099 1359 1223 1427 „Horum

152 1469 270 1535 quatuor
292 1462 351 1520 lere
373 1460 474 1518 classes
495 1455 603 1530 uulgo
625 1456 862 1514 constituunt
883 1465 910 1513 et
932 1459 1225 1530 systematadristo·
1323 1485 1331 1494 ·

151 1561 294 1620 telicum
318 1560 439 1620 Stoicum
459 1559 620 1633 Epicureum
642 1556 788 1614 Eleaticum
819 1556 874 1613 rel
897 1556 1103 1634 Spinosisticum
1126 1550 1225 1634 qrrdtus

149 1664 207 1724 lere
227 1664 380 1724 communis·
408 1664 531 1736 (practer
560 1659 707 1733 Epicurum
734 1658 782 1732 qui
810 1657 1006 1731 providentiam
1036 1662 1223 1721 tantnmmode

149 1765 244 1846 negat)
273 1763 471 1841 erroa'placet
498 1761 720 1822 Pantboismi
754 1762 772 1818 l.
797 1777 821 1820 e.
850 1762 942 1836 opinio
979 1779 1049 1836 qnae
1077 1765 1179 1823 licum
1208 1783 1224 1824 a

150 1863 285 1926 mundo
306 1883 377 1928 nou
398 1867 587 1925 discernit
608 1863 656 1922 sed
679 1862 856 1927 substantiam
879 1857 1009 1922 infinitam
1032 1882 1064 1922 ae
1085 1876 1222 1924 aeternna

148 1977 207 2024 aut
232 1984 271 2027 ao
293 1983 362 2028 παν
389 1975 449 2024 aut
476 1966 592 2022 animam
620 1963 714 2020 mundi
740 1979 801 2022 esse
824 1962 931 2035 jubet.“
991 1964 1119 2022 incudem
1140 1965 1224 2038 igitur
1293 1964 1299 1974 “

149 2070 263 2130 eandem
285 2088 317 2127 ac
337 2070 450 2143 priores·
463 2069 595 2141 quosdam
617 2066 735 2122 tundere
752 2081 814 2121 sese
836 2065 896 2136 ipse
916 2063 1058 2136 significet.
1159 2068 1163 2076 '
1202 2073 1204 2080 ’

249 2173 291 2228 eb
313 2189 369 2228 uno
394 2188 410 2228 e
437 2168 530 2228 multis
561 2167 597 2224 ad
625 2165 760 2223 excelsum
783 2165 919 2238 quandam
948 2164 1067 2222 animum
1094 2167 1221 2226 ascenden

147 2285 217 2329 mus.
275 2269 332 2330 Nec
356 2280 445 2329 tamen
474 2269 587 2326 multum
620 2267 795 2324 tribuendum
825 2273 867 2325 est
897 2267 969 2324 libro
1002 2267 1084 2324 1817
1112 2269 1221 2326 demum

148 2372 238 2432 edito:
267 2372 415 2432 lmmannel
436 2371 519 2428 llants
541 2369 730 2442 Vorlesungen
757 2366 827 2424 tiber
849 2366 892 2424 die
910 2366 1132 2442 philosophisebe
1152 2369 1220 2428 licto

67 2543 69 2547 ¹
143 2476 303 2548 'gionslebre
325 2489 395 2546 quae
415 2471 525 2529 subolae
553 2471 635 2528 etiam
657 2469 795 2527 ruderico
823 2487 921 2544 magno
944 2487 1009 2544 rege
1029 2471 1137 2530 habitae
1158 2487 1220 2531 asse

76 2549 78 2556 ,
149 2573 277 2632 dicuntur
304 2574 389 2648 prael.
417 2592 443 2648 p.
464 2573 505 2628 vt.
558 2571 709 2628 neumenia
738 2587 765 2644 p.
789 2569 828 2627 79
859 2569 894 2627 ad
915 2569 1070 2630 doctrinam
1088 2571 1218 2646 Spiuoaa·

146 2685 209 2729 nam
228 2672 345 2729 formula
373 2671 418 2728 illa
445 2688 526 2744 quam
558 2670 632 2744 apud
652 2670 820 2727 boemerum
840 2670 1007 2728 invenimus:
1037 2671 1121 2730 liott
1147 2673 1219 2741 uad

144 2771 188 2830 dte
210 2774 304 2830 Welt
326 2775 376 2828 iet
397 2773 484 2830 cias.
518 2772 623 2848 ‚omnia
643 2766 802 2846 verolquee
832 2772 859 2828 in
882 2771 963 2830 certis
985 2771 1064 2830 danti
1085 2772 1162 2832 libris
1184 2774 1219 2834 de
1311 2827 1316 2834 .

129 2873 313 2947 ,pantlteismo
341 2873 411 2931 dicta
432 2875 659 2948 deprehendimus
682 2883 708 2934 et
737 2875 798 2947 ipse
819 2873 915 2932 eodem
937 2889 1010 2932 anno
1031 2875 1140 2948 scripsit
1161 2888 1217 2949 quo
1302 2907 1304 2916 ι

143 2989 214 3033 asaro
236 2975 324 3032 Bublii
344 2976 489 3050 disputatio
505 2957 650 3051 apparuit.
694 2975 767 3036 Sunt
785 2975 856 3034 enim
879 2975 1028 3038 seatcuiac
1048 2976 1118 3036 duae
1140 2993 1168 3034 tn
1187 2977 1217 3036 lli

142 3076 194 3134 bro
221 3067 353 3152 perquam
382 3081 456 3136 varic
482 3081 649 3137 existimato:
677 3078 763 3136 Kritilr
792 3079 842 3136 der
870 3077 1065 3136 Urtbeilsluait.
1114 3079 1145 3134 ln
1168 3097 1216 3152 po·

95 3205 109 3218 ·
141 3187 244 3236 stremo
264 3181 427 3254 paragraphi
449 3181 631 3254 octogesimae
660 3179 783 3236 memhrio
812 3195 860 3235 eos
891 3179 939 3251 qui
968 3178 1095 3234 materiae
1117 3179 1227 3238 torua-¹
1245 3233 1266 3246 ,,

143 3293 204 3336 tom
225 3281 260 3334 ad
280 3281 362 3336 finem
385 3282 546 3352 objectivum
576 3282 712 3356 quendam
735 3281 913 3354 spectantium
935 3279 1058 3341 ultimam
1080 3279 1215 3353 possibili

136 3377 204 3435 'tatis
228 3375 338 3435 causdm
358 3389 490 3452 quaerant
518 3382 562 3436 eui
590 3391 679 3436 tamen
709 3391 826 3438 mentem
849 3393 904 3438 non
927 3380 1064 3450 tribuant,
1084 3380 1215 3438 mnndum

140 3489 227 3562 totum
248 3481 366 3540 libenter
386 3480 523 3556 appellare
543 3481 607 3540 dicit
634 3481 811 3542 substantiam
835 3484 941 3541 unicam
963 3481 1054 3540 omnia
1076 3480 1214 3540 continent

140 3591 194 3642 tem
217 3599 297 3658 qnam
319 3585 479 3642 sententiam
498 3582 661 3659 pautbeismi
684 3603 745 3644 esse
775 3565 993 3644 contendit-sire
1013 3599 1083 3657 quae
1101 3601 1158 3642 non
1173 3585 1215 3656 ,sit

140 3667 193 3738 nisi
214 3663 366 3740 accuratior
388 3684 501 3757 huiusce
523 3684 675 3759 argumenti
705 3684 853 3759 explicatio.
873 3683 986 3744 delinire
1015 3662 1063 3742 eos
1089 3683 1213 3744 substan·
1255 3725 1257 3730 -

140 3777 205 3834 tiam
222 3783 398 3854 complexum
427 3785 573 3844 modorum
597 3784 746 3842 multorum
776 3785 943 3844 substantiae
972 3785 1068 3844 unicae
1098 3783 1214 3856 simplici

140 3878 339 3938 inhaerentium
361 3884 448 3957 qualis
470 3885 605 3957 Spinoaae
634 3885 759 3944 decuma
787 3885 869 3942 luerit
893 3885 979 3956 idque
1005 3891 1151 3956 utrumque
1180 3899 1213 3948 ee

140 3984 246 4042 rationo
275 4001 324 4042 cos
361 3985 502 4042 instituere
530 3994 573 4054 ut,
589 3984 708 4056 cujusvis
733 3984 794 4042 [iuis
823 3985 1012 4043 condicionem
1041 3983 1114 4046 illam
1141 3985 1162 4044 i.
1188 3999 1211 4044 et

83 4149 90 4162 ¹
141 4099 237 4144 cattsae
257 4088 388 4146 unitatem
416 4087 523 4162 possint
544 4093 671 4144 statuere.
714 4086 744 4142 lu
767 4104 820 4161 qua
849 4104 879 4144 re
898 4085 1038 4160 quomodo
1059 4086 1129 4162 lapsi
1158 4088 1212 4148 sint

140 4183 239 4256 deinde
266 4189 380 4248 instituit
408 4189 610 4250 demonstrare
656 4187 743 4246 Simili
771 4189 889 4248 ratioue'
904 4190 932 4248 in
961 4183 988 4268 ᾗ.
1011 4187 1051 4248 et
1079 4191 1168 4250 obela'
1181 4191 1212 4252 tt

138 4287 286 4344 mutiat
307 4329 315 4345 .
335 4337 342 4351 .
366 4333 373 4347 .
401 4309 435 4348 so
463 4293 571 4352 lbbrten
602 4293 642 4350 sie
671 4283 730 4353 den*
752 4294 910 4354 ldealismus
941 4293 991 4352 der
1016 4293 1211 4354 lludnrsecben

140 4383 198 4442 eu:
234 4387 326 4447 indem
352 4389 393 4447 sic
423 4390 467 4450 die
494 4409 526 4449 au
553 4393 663 4452 scbwcr
687 4393 974 4470 beramzubm'ngende
1001 4392 1108 4456 lliuheit
1135 4391 1212 4458 einen

987 4491 1006 4546 2
