2930 4838
760 423 802 482 Μ

237 595 335 654 Persas
355 591 504 654 chaldaeos
526 592 673 670 Aegyptios
696 593 830 665 Graecos,
860 595 888 653 in
908 595 1001 658 dadae
1021 591 1204 676 carminibus,
1231 607 1314 670 intur·

217 737 220 750 .
237 698 361 768 Druidas,
383 698 410 754 in
430 697 602 772 philosophia
619 713 754 756 novorum
769 697 971 760 Platonicorum
984 709 1012 761 et
1025 703 1213 780 Alexandrian,
1233 715 1313 786 apud

237 798 377 856 llehraeos
395 795 510 856 lissaeos
532 799 626 856 lesum
647 807 675 858 et
695 800 723 856 iu
745 800 877 876 religione
898 803 933 860 ah
954 804 1015 876 hoc,
1027 807 1157 881 instituta,
1179 813 1314 875 inlibris

238 899 385 968 Gabbalae,
412 900 485 974 apud
513 899 662 957 Gnosticos
687 909 768 976 atque
798 902 961 963 adnmhrare
988 909 1114 968 esoterici
1139 927 1222 986 quem
1242 915 1311 975 dicit

237 1003 397 1078 pantheismi
427 1003 484 1060 sive
513 1003 653 1060 doetrinae
681 1004 715 1062 da
742 1005 970 1080 omnipraesentia
991 1010 1040 1068 llei
1066 1013 1094 1069 in
1117 1011 1312 1077 christianismi

238 1101 299 1160 sinn
324 1111 352 1160 et
380 1103 485 1178 gremio
508 1105 731 1182 propagationem
760 1109 1048 1186 conservationemque
1076 1117 1176 1175 studet.
1219 1121 1322 1182 hocus-

237 1207 271 1265 de
292 1207 358 1265 lesu
379 1207 469 1282 primo
498 1209 607 1282 exponit
633 1187 760 1284 magnum
784 1209 857 1269 lanne
878 1213 1086 1274 reformatorem
1108 1235 1141 1276 eo
1162 1223 1310 1282 tetendisse

237 1299 267 1368 ut
286 1309 446 1383 religionem
468 1310 682 1384 antiquissimam
698 1329 768 1386 quae
790 1314 872 1372 luerit
891 1317 1075 1389 pantheismus
1097 1319 1143 1380 ille
1158 1325 1304 1382 esotericus

237 1411 452 1470 saducaeorum
475 1411 598 1482 doctrina
619 1414 782 1472 restitueret.
826 1417 911 1486 Quam
932 1436 991 1478 rem
1011 1422 1136 1482 universe
1161 1425 1222 1484 iude
1241 1441 1304 1500 pros

236 1512 297 1571 hari
326 1515 400 1587 qnod
429 1513 500 1602 lleus
527 1514 683 1574 nominetur
710 1525 789 1590 pater
816 1517 843 1574 in
866 1521 961 1592 coelo,
994 1525 1100 1584 coelum
1122 1545 1187 1586 vero
1207 1527 1308 1585 rationi

237 1617 414 1674 conveniente
435 1617 518 1674 modo
546 1617 660 1692 intelligi
687 1635 742 1676 non
774 1635 857 1694 posse
877 1622 930 1680 alio
958 1641 990 1682 ac
1018 1635 1130 1686 naturae
1150 1627 1306 1684 unhersita·

237 1727 292 1774 tem
322 1719 584 1792 immensitatemque
606 1735 676 1794 qnae
697 1729 797 1780 terram
821 1741 932 1799 quoque
953 1739 1076 1788 nostram
1104 1729 1308 1804 complectatur.

238 1818 306 1876 llire
328 1819 402 1888 addit
424 1837 486 1876 cuna
509 1822 536 1876 in
550 1823 613 1878 novi
633 1821 752 1890 laederis
775 1826 885 1908 scriptis
898 1844 1032 1905 nusquam
1046 1833 1211 1905 significetur
1224 1833 1308 1890 deum

237 1937 384 1995 personam
411 1922 547 1996 quandam
578 1939 639 1982 esse
668 1924 832 1998 singularem
858 1929 901 1986 vel
929 1931 1093 1988 individuum
1116 1931 1190 2000 quod
1214 1932 1310 1988 dicunt

238 2021 444 2080 determinatum
468 2023 604 2098 quoddam
628 2033 655 2082 et
677 2043 738 2084 cum
760 2029 819 2087 sine
842 2032 924 2088 dalrio
945 2033 1024 2088 lesus
1046 2031 1115 2088 sicut
1136 2044 1231 2089 omues
1255 2034 1310 2090 viri

238 2125 329 2196 magui
351 2141 517 2198 sagacesque
537 2127 631 2184 aetatis
653 2127 724 2186 illius
747 2140 773 2188 et
787 2133 935 2204 superioris
949 2120 1234 2206 anthropomorphitae
1249 2145 1307 2188 non

238 2217 341 2282 luerint
362 2225 569 2286 concedendum
589 2247 650 2288 esse
670 2231 762 2289 Jcsum
784 2233 946 2302 cogitatione
968 2235 1048 2288 deum
1062 2236 1230 2305 complexum
1245 2253 1307 2294 esse

239 2342 295 2384 uon
320 2327 401 2384 alium
423 2329 476 2384 uisi
494 2331 637 2388 essentiam
660 2333 773 2388 manime
799 2329 954 2404 generalem
982 2344 1051 2404 quac
1071 2338 1195 2388 naturam
1215 2339 1300 2388 totam

239 2429 415 2503 intelligentia
435 2431 566 2504 sapientia
586 2433 689 2506 justitia
711 2432 888 2486 beneficentia
911 2440 988 2504 regat
1005 2433 1107 2488 animet
1123 2437 1222 2488 tranet.
1261 2433 1310 2515 lli·¹

240 2531 320 2590 aletur
340 2533 423 2606 igitur
445 2549 589 2608 personam
612 2536 702 2592 dicere
730 2531 816 2590 solam
836 2532 938 2590 linitam
960 2533 1087 2592 hominis.
1130 2536 1312 2608 Capricola-¹

163 2679 166 2684 .
240 2651 303 2691 rum
331 2634 464 2692 decimum
493 2649 643 2712 postremas
664 2637 759 2712 viginti
789 2635 900 2712 paginas
922 2638 1063 2694 continens
1084 2621 1215 2711 proponit
1235 2653 1312 2693 sumt

240 2749 311 2794 mam
337 2739 498 2811 pantheismi
526 2742 652 2800 esoterici
682 2741 832 2798 secundum
863 2742 982 2799 auctoris
1009 2741 1073 2798 lilani
1094 2739 1175 2812 hujus
1203 2739 1309 2796 senten·

240 2839 304 2895 llam
329 2821 385 2896 non
407 2841 568 2914 pendentem
591 2853 621 2900 ut
642 2844 701 2917 ipse
723 2845 787 2901 dicit
808 2843 841 2900 ah
865 2843 918 2900 ulla
941 2842 1070 2916 opinione
1093 2844 1212 2896 virorum
1233 2857 1310 2914 praev

241 2941 401 3000 cedentium.
444 2929 570 3000 hlllrmat¹
594 2946 621 3000 in
648 2945 762 3002 articulo
782 2945 902 3018 quinto:
931 2941 1046 3013 reperiri
1067 2940 1094 2994 in
1121 2940 1167 2997 dei
1190 2941 1259 2996 sient
1281 2943 1308 2998 in

240 3043 358 3100 hominis
381 3043 498 3119 essentie
526 3047 673 3104 trinitatem
703 3045 837 3120 quandam
862 3041 1067 3113 intelligentiam
1088 3040 1205 3096 animum
1228 3051 1312 3102 male-¹

241 3143 317 3200 riam.
360 3143 474 3203 Easdem
497 3157 587 3220 partes
610 3149 774 3205 constituere
796 3142 860 3200 dicit
881 3142 1013 3197 internam
1035 3139 1178 3196 essentiam
1200 3142 1243 3199 vel
1265 3161 1308 3200 na·-

241 3245 329 3303 turam
358 3248 417 3319 ejus
453 3249 527 3322 quod
563 3251 699 3306 soleamus
728 3247 869 3301 nominare
897 3241 1055 3298 universum
1084 3243 1140 3298 siue
1169 3245 1305 3302 marndnm.

241 3327 434 3408 concludimus
472 3349 605 3408 delectum
637 3355 761 3405 nostrum
799 3344 905 3402 articuli
940 3344 980 3400 42
1017 3345 1097 3402 linem
1125 3345 1304 3426 ascribentes:

243 3438 344 3520 „lleide
369 3453 550 3510 esoterischer
577 3449 765 3507 Pantheismus
796 3447 853 3504 und
881 3441 1081 3508 Claristentlruut
1099 3447 1304 3522 'durchdringen

242 3548 301 3608 sich
327 3552 384 3608 also
414 3535 471 3610 und
500 3553 609 3609 konnen
637 3550 710 3607 nicht
740 3558 865 3624 gelrennt
886 3531 1006 3628 marcion.
1050 3549 1129 3606 lleide
1155 3549 1216 3606 sind
1235 3549 1303 3617 Eine,

243 3652 497 3709 Pantheismus
527 3653 622 3726 liegt
650 3653 685 3708 in
709 3651 783 3709 dem
806 3651 1105 3708 Christenthume
1127 3651 1193 3706 und
1214 3649 1303 3707 Chri·
1338 3641 1350 3656 ‘

243 3743 429 3812 s'lenthum
457 3753 491 3808 in
514 3753 588 3809 dem
611 3753 897 3814 Pantheismus.“
918 3787 960 3800 -
1003 3753 1097 3826 ltaque
1116 3751 1226 3809 saeculo
1248 3752 1307 3826 ipso

243 3835 388 3930 postquam
416 3855 549 3928 pantheus
578 3857 625 3928 qni
651 3875 681 3914 se
717 3857 821 3930 primus
849 3855 996 3912 nominarit
1028 3852 1156 3928 epistolas
1186 3852 1307 3926 concepll'

243 3956 302 4012 illas
323 3970 418 4010 reeens
440 3956 507 4013 haee
527 3957 648 4016 doctrina
671 3961 821 4033 composita
848 3968 890 4016 est
912 3977 943 4015 ac
964 3957 1051 4032 prima
1074 3963 1114 4012 est
1136 3953 1168 4010 ah
1191 3945 1306 4009 editione

243 4053 413 4128 pantheistici
435 4058 585 4130 explanatio
607 4061 657 4116 viri
680 4062 726 4134 aqui
744 4062 803 4134 ipse
823 4079 852 4116 se
869 4060 1047 4134 pantlreistam
1062 4055 1143 4114 audet
1161 4054 1303 4110 nominare.

243 4155 301 4209 lam
324 4153 421 4222 mirum
444 4167 485 4222 est
508 4161 583 4236 quod
609 4161 872 4218 Schleiermacherus
893 4161 919 4214 in
941 4159 1011 4214 libro
1035 4158 1068 4213 de
1091 4155 1143 4211 nde
1165 4154 1302 4210 christiana

243 4256 344 4330 scripto
368 4253 394 4336 ξ.
421 4262 468 4330 lh,
493 4261 510 4320 5
535 4266 562 4322 in
587 4264 640 4324 lino
663 4265 743 4320 dixit:
767 4262 841 4332 „der
863 4261 946 4316 Naum
968 4255 1151 4332 [pantheismi]
1181 4241 1216 4312 ist
1236 4253 1305 4309 nicht

245 4355 288 4412 ein
309 4359 417 4419 solcher
441 4363 492 4420 deu
523 4365 580 4424 sich
609 4364 736 4422 llinzelne
764 4363 833 4419 oder
852 4359 969 4416 Schulen
992 4358 1046 4414 und
1070 4355 1210 4412 Parthelen
1234 4349 1303 4425 [sane
