<?xml version="1.0" encoding="UTF-8"?>
<!DOCTYPE html PUBLIC "-//W3C//DTD XHTML 1.0 Transitional//EN"
    "http://www.w3.org/TR/xhtml1/DTD/xhtml1-transitional.dtd">
<html xmlns="http://www.w3.org/1999/xhtml" xml:lang="en" lang="en">
 <head>
  <title>
</title>
<meta http-equiv="Content-Type" content="text/html;charset=utf-8" />
  <meta name='ocr-system' content='tesseract 3.04.00' />
  <meta name='ocr-capabilities' content='ocr_page ocr_carea ocr_par ocr_line ocrx_word'/>
</head>
<body>
  <div class='ocr_page' id='page_1' title='image "./depantheisminom00boehgoog_0020.png"; bbox 0 0 2930 4838; ppageno 0'>
   <div class='ocr_carea' id='block_1_1' title="bbox 672 447 710 516">
    <p class='ocr_par' dir='ltr' id='par_1_1' title="bbox 672 447 710 516">
     <span class='ocr_line' id='line_1_1' title="bbox 672 447 710 516; baseline 0 0"><span class='ocrx_word' id='word_1_1' title='bbox 672 447 710 516; x_wconf 71' lang='lat'><strong>1³</strong></span> 
     </span>
    </p>
   </div>
   <div class='ocr_carea' id='block_1_2' title="bbox 151 617 1222 1216">
    <p class='ocr_par' dir='ltr' id='par_1_2' title="bbox 151 617 1222 1109">
     <span class='ocr_line' id='line_1_2' title="bbox 151 617 1220 698; baseline -0.009 -6"><span class='ocrx_word' id='word_1_2' title='bbox 151 627 332 698; x_wconf 79' lang='lat' dir='ltr'><strong>mundisive</strong></span> <span class='ocrx_word' id='word_1_3' title='bbox 358 640 450 684; x_wconf 88' lang='lat' dir='ltr'><strong>rernm</strong></span> <span class='ocrx_word' id='word_1_4' title='bbox 476 617 597 682; x_wconf 88' lang='lat' dir='ltr'><strong>omnium</strong></span> <span class='ocrx_word' id='word_1_5' title='bbox 623 635 732 680; x_wconf 88' lang='lat' dir='ltr'><strong>causam</strong></span> <span class='ocrx_word' id='word_1_6' title='bbox 767 635 839 679; x_wconf 92' lang='lat' dir='ltr'><strong>non</strong></span> <span class='ocrx_word' id='word_1_7' title='bbox 873 627 1130 682; x_wconf 75' lang='lat' dir='ltr'><strong>transeuntem</strong></span> <span class='ocrx_word' id='word_1_8' title='bbox 1156 621 1220 698; x_wconf 75' lang='lat' dir='ltr'><strong>sed</strong></span> 
     </span>
     <span class='ocr_line' id='line_1_3' title="bbox 153 723 1222 800; baseline -0.009 -6"><span class='ocrx_word' id='word_1_9' title='bbox 153 733 404 794; x_wconf 85' lang='lat' dir='ltr'><strong>immanentem</strong></span> <span class='ocrx_word' id='word_1_10' title='bbox 435 734 588 800; x_wconf 87' lang='lat' dir='ltr'><strong>cunctaque</strong></span> <span class='ocrx_word' id='word_1_11' title='bbox 614 723 758 798; x_wconf 84' lang='lat' dir='ltr'><strong>exipsius</strong></span> <span class='ocrx_word' id='word_1_12' title='bbox 786 723 904 784; x_wconf 81' lang='lat' dir='ltr'>essentia</span> <span class='ocrx_word' id='word_1_13' title='bbox 931 739 1071 782; x_wconf 74' lang='lat' dir='ltr'>emanasse</span> <span class='ocrx_word' id='word_1_14' title='bbox 1097 725 1222 800; x_wconf 79' lang='lat' dir='ltr'>adeoque</span> 
     </span>
     <span class='ocr_line' id='line_1_4' title="bbox 154 803 1221 908; baseline -0.008 -14"><span class='ocrx_word' id='word_1_15' title='bbox 154 851 223 908; x_wconf 71' lang='grc' dir='ltr'><strong>παν</strong></span> <span class='ocrx_word' id='word_1_16' title='bbox 241 849 301 890; x_wconf 89' lang='lat' dir='ltr'><strong>esse</strong></span> <span class='ocrx_word' id='word_1_17' title='bbox 325 823 410 890; x_wconf 84' lang='grc' dir='ltr'><em>Θεον</em></span> <span class='ocrx_word' id='word_1_18' title='bbox 433 842 513 884; x_wconf 86' lang='lat' dir='ltr'><strong>omne</strong></span> <span class='ocrx_word' id='word_1_19' title='bbox 536 826 596 896; x_wconf 23' lang='lat' dir='ltr'><strong>sive*</strong></span> <span class='ocrx_word' id='word_1_20' title='bbox 612 825 743 884; x_wconf 89' lang='lat' dir='ltr'><strong>mundum</strong></span> <span class='ocrx_word' id='word_1_21' title='bbox 772 840 834 882; x_wconf 89' lang='lat' dir='ltr'><strong>esse</strong></span> <span class='ocrx_word' id='word_1_22' title='bbox 862 823 946 882; x_wconf 87' lang='lat' dir='ltr'><strong>Deum</strong></span> <span class='ocrx_word' id='word_1_23' title='bbox 975 824 1019 880; x_wconf 87' lang='lat' dir='ltr'><strong>cui</strong></span> <span class='ocrx_word' id='word_1_24' title='bbox 1039 827 1170 884; x_wconf 79' lang='lat' dir='ltr'><strong>materiali</strong></span> <span class='ocrx_word' id='word_1_25' title='bbox 1190 803 1221 886; x_wconf 81' lang='lat' dir='ltr'><strong>li·¹</strong></span> 
     </span>
     <span class='ocr_line' id='line_1_5' title="bbox 154 919 1222 1010; baseline -0.002 -18"><span class='ocrx_word' id='word_1_26' title='bbox 154 943 196 992; x_wconf 90' lang='lat' dir='ltr'><strong>oet</strong></span> <span class='ocrx_word' id='word_1_27' title='bbox 217 942 243 992; x_wconf 88' lang='lat' dir='ltr'><strong>et</strong></span> <span class='ocrx_word' id='word_1_28' title='bbox 264 947 399 1006; x_wconf 86' lang='lat' dir='ltr'><strong>corporeo</strong></span> <span class='ocrx_word' id='word_1_29' title='bbox 422 927 524 986; x_wconf 84' lang='lat' dir='ltr'><strong>infinita</strong></span> <span class='ocrx_word' id='word_1_30' title='bbox 536 931 636 986; x_wconf 89' lang='lat' dir='ltr'><strong>&#39;tamen</strong></span> <span class='ocrx_word' id='word_1_31' title='bbox 657 925 820 1002; x_wconf 81' lang='lat' dir='ltr'><strong>assignanda</strong></span> <span class='ocrx_word' id='word_1_32' title='bbox 834 926 889 986; x_wconf 88' lang='lat' dir='ltr'><strong>sint</strong></span> <span class='ocrx_word' id='word_1_33' title='bbox 907 919 1064 1010; x_wconf 78' lang='lat' dir='ltr'><strong>attributa.“</strong></span> <span class='ocrx_word' id='word_1_34' title='bbox 1104 929 1222 1004; x_wconf 85' lang='lat' dir='ltr'><strong>Apparet</strong></span> 
     </span>
     <span class='ocr_line' id='line_1_6' title="bbox 157 1029 482 1109; baseline -0.012 -19"><span class='ocrx_word' id='word_1_35' title='bbox 157 1033 303 1109; x_wconf 77' lang='lat' dir='ltr'><strong>significari</strong></span> <span class='ocrx_word' id='word_1_36' title='bbox 325 1029 482 1104; x_wconf 81' lang='lat' dir='ltr'><strong>Spinonem.</strong></span> 
     </span>
    </p>

    <p class='ocr_par' dir='ltr' id='par_1_3' title="bbox 255 1125 1222 1216">
     <span class='ocr_line' id='line_1_7' title="bbox 255 1125 1222 1216; baseline -0.004 -28"><span class='ocrx_word' id='word_1_37' title='bbox 255 1130 415 1207; x_wconf 85' lang='lat' dir='ltr'><strong>Plenissime</strong></span> <span class='ocrx_word' id='word_1_38' title='bbox 439 1143 504 1186; x_wconf 87' lang='lat' dir='ltr'><strong>vero</strong></span> <span class='ocrx_word' id='word_1_39' title='bbox 526 1134 614 1186; x_wconf 88' lang='lat' dir='ltr'><strong>aetate</strong></span> <span class='ocrx_word' id='word_1_40' title='bbox 636 1125 681 1184; x_wconf 92' lang='lat' dir='ltr'><strong>illa</strong></span> <span class='ocrx_word' id='word_1_41' title='bbox 709 1125 743 1184; x_wconf 87' lang='lat' dir='ltr'><strong>de</strong></span> <span class='ocrx_word' id='word_1_42' title='bbox 762 1126 932 1216; x_wconf 73' lang='lat' dir='ltr'><strong>pantheismo</strong></span> <span class='ocrx_word' id='word_1_43' title='bbox 952 1127 1165 1202; x_wconf 89' lang='lat' dir='ltr'><strong>panthaistisque</strong></span> <span class='ocrx_word' id='word_1_44' title='bbox 1184 1127 1222 1184; x_wconf 83' lang='lat' dir='ltr'><strong>di-</strong></span> 
     </span>
    </p>
   </div>
   <div class='ocr_carea' id='block_1_3' title="bbox 153 1228 1312 1310">
    <p class='ocr_par' dir='ltr' id='par_1_4' title="bbox 153 1228 1312 1310">
     <span class='ocr_line' id='line_1_8' title="bbox 153 1228 1312 1310; baseline -0.004 -18"><span class='ocrx_word' id='word_1_45' title='bbox 153 1235 271 1310; x_wconf 80' lang='lat' dir='ltr'><strong>sputavit</strong></span> <span class='ocrx_word' id='word_1_46' title='bbox 295 1233 431 1306; x_wconf 78' lang='lat' dir='ltr'><strong>licilingus</strong></span> <span class='ocrx_word' id='word_1_47' title='bbox 459 1230 487 1286; x_wconf 93' lang='lat' dir='ltr'><strong>in</strong></span> <span class='ocrx_word' id='word_1_48' title='bbox 517 1271 534 1300; x_wconf 89' lang='lat'>„</span> <span class='ocrx_word' id='word_1_49' title='bbox 544 1228 765 1286; x_wconf 82' lang='lat' dir='ltr'><strong>observationum</strong></span> <span class='ocrx_word' id='word_1_50' title='bbox 793 1246 932 1288; x_wconf 88' lang='lat' dir='ltr'><strong>sacrarum</strong></span> <span class='ocrx_word' id='word_1_51' title='bbox 970 1238 1048 1303; x_wconf 78' lang='lat' dir='ltr'><strong>parte</strong></span> <span class='ocrx_word' id='word_1_52' title='bbox 1076 1229 1195 1288; x_wconf 84' lang='lat' dir='ltr'><strong>secunda</strong></span> <span class='ocrx_word' id='word_1_53' title='bbox 1203 1233 1223 1300; x_wconf 87' lang='lat'><strong>“.</strong></span> <span class='ocrx_word' id='word_1_54' title='bbox 1308 1292 1312 1294; x_wconf 65' lang='grc'><strong>,</strong></span> 
     </span>
    </p>
   </div>
   <div class='ocr_carea' id='block_1_4' title="bbox 119 1330 1229 4453">
    <p class='ocr_par' dir='ltr' id='par_1_5' title="bbox 119 1330 1226 2222">
     <span class='ocr_line' id='line_1_9' title="bbox 155 1330 1223 1412; baseline -0.002 -20"><span class='ocrx_word' id='word_1_55' title='bbox 155 1352 224 1412; x_wconf 89' lang='lat' dir='ltr'><strong>quae</strong></span> <span class='ocrx_word' id='word_1_56' title='bbox 244 1350 315 1401; x_wconf 69' lang='lat' dir='ltr'><strong>anm</strong></span> <span class='ocrx_word' id='word_1_57' title='bbox 335 1333 417 1390; x_wconf 81' lang='lat'>1737</span> <span class='ocrx_word' id='word_1_58' title='bbox 436 1332 545 1390; x_wconf 90' lang='lat' dir='ltr'><strong>tertium</strong></span> <span class='ocrx_word' id='word_1_59' title='bbox 561 1330 663 1404; x_wconf 90' lang='lat' dir='ltr'><strong>prodiit</strong></span> <span class='ocrx_word' id='word_1_60' title='bbox 684 1330 773 1388; x_wconf 83' lang='lat' dir='ltr'><strong>forma</strong></span> <span class='ocrx_word' id='word_1_61' title='bbox 797 1332 978 1406; x_wconf 87' lang='lat' dir='ltr'><strong>quartanaria.</strong></span> <span class='ocrx_word' id='word_1_62' title='bbox 1011 1331 1061 1388; x_wconf 87' lang='lat' dir='ltr'><strong>Ubi</strong></span> <span class='ocrx_word' id='word_1_63' title='bbox 1074 1349 1102 1405; x_wconf 91' lang='lat' dir='ltr'><strong>p.</strong></span> <span class='ocrx_word' id='word_1_64' title='bbox 1119 1332 1223 1395; x_wconf 75' lang='lat'>1-12</span> 
     </span>
     <span class='ocr_line' id='line_1_10' title="bbox 154 1433 1224 1514; baseline -0.006 -15"><span class='ocrx_word' id='word_1_65' title='bbox 154 1439 325 1514; x_wconf 74' lang='lat' dir='ltr'><strong>exploratur:</strong></span> <span class='ocrx_word' id='word_1_66' title='bbox 348 1453 402 1508; x_wconf 90' lang='lat' dir='ltr'><strong>„an</strong></span> <span class='ocrx_word' id='word_1_67' title='bbox 424 1443 520 1494; x_wconf 83' lang='lat' dir='ltr'><strong>auctor</strong></span> <span class='ocrx_word' id='word_1_68' title='bbox 541 1433 716 1492; x_wconf 87' lang='lat' dir='ltr'><strong>Pentateuohi</strong></span> <span class='ocrx_word' id='word_1_69' title='bbox 737 1433 827 1494; x_wconf 89' lang='lat' dir='ltr'><strong>lloses</strong></span> <span class='ocrx_word' id='word_1_70' title='bbox 848 1435 930 1494; x_wconf 89' lang='lat' dir='ltr'><strong>luerit</strong></span> <span class='ocrx_word' id='word_1_71' title='bbox 944 1435 1132 1508; x_wconf 80' lang='lat' dir='ltr'><strong>pantheistal“</strong></span> <span class='ocrx_word' id='word_1_72' title='bbox 1176 1435 1224 1494; x_wconf 84' lang='lat' dir='ltr'><strong>Or·</strong></span> 
     </span>
     <span class='ocr_line' id='line_1_11' title="bbox 155 1530 1224 1610; baseline -0.001 -13"><span class='ocrx_word' id='word_1_73' title='bbox 155 1540 228 1598; x_wconf 86' lang='lat' dir='ltr'><strong>ditur</strong></span> <span class='ocrx_word' id='word_1_74' title='bbox 263 1549 293 1596; x_wconf 90' lang='lat' dir='ltr'><strong>nt</strong></span> <span class='ocrx_word' id='word_1_75' title='bbox 317 1530 442 1596; x_wconf 80' lang='lat' dir='ltr'><strong>conv&#39;enit</strong></span> <span class='ocrx_word' id='word_1_76' title='bbox 481 1555 498 1594; x_wconf 92' lang='lat' dir='ltr'><strong>a</strong></span> <span class='ocrx_word' id='word_1_77' title='bbox 526 1536 690 1594; x_wconf 88' lang='lat' dir='ltr'><strong>definitione.</strong></span> <span class='ocrx_word' id='word_1_78' title='bbox 733 1538 870 1606; x_wconf 79' lang='lat' dir='ltr'><strong>„dntea“</strong></span> <span class='ocrx_word' id='word_1_79' title='bbox 901 1537 988 1610; x_wconf 90' lang='lat' dir='ltr'><strong>inqnit</strong></span> <span class='ocrx_word' id='word_1_80' title='bbox 1015 1536 1224 1606; x_wconf 86' lang='lat' dir='ltr'><strong>„deliniendum</strong></span> 
     </span>
     <span class='ocr_line' id='line_1_12' title="bbox 153 1638 1225 1718; baseline -0.001 -18"><span class='ocrx_word' id='word_1_81' title='bbox 153 1644 260 1718; x_wconf 86' lang='lat' dir='ltr'><strong>videtur</strong></span> <span class='ocrx_word' id='word_1_82' title='bbox 282 1643 346 1718; x_wconf 92' lang='lat' dir='ltr'><strong>qnid</strong></span> <span class='ocrx_word' id='word_1_83' title='bbox 368 1641 551 1714; x_wconf 88' lang='lat' dir='ltr'><strong>pantheismus</strong></span> <span class='ocrx_word' id='word_1_84' title='bbox 574 1640 609 1697; x_wconf 88' lang='lat' dir='ltr'><strong>sit</strong></span> <span class='ocrx_word' id='word_1_85' title='bbox 629 1656 711 1713; x_wconf 91' lang='lat' dir='ltr'><strong>quam</strong></span> <span class='ocrx_word' id='word_1_86' title='bbox 741 1638 856 1712; x_wconf 84' lang='lat' dir='ltr'><strong>disquiri</strong></span> <span class='ocrx_word' id='word_1_87' title='bbox 876 1639 1102 1713; x_wconf 74' lang='lat' dir='ltr'><strong>statuiquecerti</strong></span> <span class='ocrx_word' id='word_1_88' title='bbox 1123 1640 1225 1714; x_wconf 91' lang='lat' dir='ltr'><strong>aliquid</strong></span> 
     </span>
     <span class='ocr_line' id='line_1_13' title="bbox 154 1741 1225 1818; baseline 0.001 -16"><span class='ocrx_word' id='word_1_89' title='bbox 154 1745 243 1818; x_wconf 88' lang='lat' dir='ltr'><strong>possit</strong></span> <span class='ocrx_word' id='word_1_90' title='bbox 263 1744 296 1802; x_wconf 89' lang='lat' dir='ltr'><strong>de</strong></span> <span class='ocrx_word' id='word_1_91' title='bbox 316 1743 487 1816; x_wconf 89' lang='lat' dir='ltr'><strong>pantheismo</strong></span> <span class='ocrx_word' id='word_1_92' title='bbox 511 1741 632 1798; x_wconf 89' lang='lat' dir='ltr'><strong>llosis.“</strong></span> <span class='ocrx_word' id='word_1_93' title='bbox 675 1741 769 1814; x_wconf 86' lang='lat' dir='ltr'><strong>ltaque</strong></span> <span class='ocrx_word' id='word_1_94' title='bbox 800 1741 880 1798; x_wconf 88' lang='lat' dir='ltr'><strong>allato</strong></span> <span class='ocrx_word' id='word_1_95' title='bbox 906 1741 966 1818; x_wconf 75' lang='lat' dir='ltr'><strong>lini</strong></span> <span class='ocrx_word' id='word_1_96' title='bbox 985 1742 1119 1800; x_wconf 84' lang='lat' dir='ltr'><strong>versiculo</strong></span> <span class='ocrx_word' id='word_1_97' title='bbox 1143 1760 1225 1816; x_wconf 88' lang='lat' dir='ltr'><strong>quem</strong></span> 
     </span>
     <span class='ocr_line' id='line_1_14' title="bbox 156 1843 1225 1923; baseline 0 -21"><span class='ocrx_word' id='word_1_98' title='bbox 156 1853 328 1918; x_wconf 86' lang='lat' dir='ltr'><strong>„empaeetae</strong></span> <span class='ocrx_word' id='word_1_99' title='bbox 349 1845 507 1916; x_wconf 79' lang='lat' dir='ltr'><strong>frequenter</strong></span> <span class='ocrx_word' id='word_1_100' title='bbox 526 1844 553 1899; x_wconf 90' lang='lat' dir='ltr'><strong>in</strong></span> <span class='ocrx_word' id='word_1_101' title='bbox 575 1859 624 1900; x_wconf 86' lang='lat' dir='ltr'><strong>ore</strong></span> <span class='ocrx_word' id='word_1_102' title='bbox 643 1843 763 1901; x_wconf 89' lang='lat' dir='ltr'><strong>habent“</strong></span> <span class='ocrx_word' id='word_1_103' title='bbox 789 1843 886 1923; x_wconf 85' lang='lat' dir='ltr'><strong>deinde</strong></span> <span class='ocrx_word' id='word_1_104' title='bbox 907 1843 969 1903; x_wconf 88' lang='lat' dir='ltr'><strong>loco</strong></span> <span class='ocrx_word' id='word_1_105' title='bbox 990 1860 1006 1901; x_wconf 91' lang='lat' dir='ltr'><strong>e</strong></span> <span class='ocrx_word' id='word_1_106' title='bbox 1027 1843 1140 1900; x_wconf 80' lang='lat' dir='ltr'><strong>lelandi</strong></span> <span class='ocrx_word' id='word_1_107' title='bbox 1160 1860 1225 1916; x_wconf 87' lang='lat' dir='ltr'><strong>pan·</strong></span> 
     </span>
     <span class='ocr_line' id='line_1_15' title="bbox 155 1945 1226 2020; baseline -0.002 -16"><span class='ocrx_word' id='word_1_108' title='bbox 155 1947 279 2004; x_wconf 84' lang='lat' dir='ltr'><strong>tlraistico</strong></span> <span class='ocrx_word' id='word_1_109' title='bbox 297 1946 459 2019; x_wconf 87' lang='lat' dir='ltr'><strong>transcripto</strong></span> <span class='ocrx_word' id='word_1_110' title='bbox 481 1945 610 2018; x_wconf 73' lang='lat' dir='ltr'><strong>„primns</strong></span> <span class='ocrx_word' id='word_1_111' title='bbox 637 1945 714 2002; x_wconf 87' lang='lat' dir='ltr'><strong>lnit“</strong></span> <span class='ocrx_word' id='word_1_112' title='bbox 735 1945 823 2020; x_wconf 88' lang='lat' dir='ltr'><strong>inquit</strong></span> <span class='ocrx_word' id='word_1_113' title='bbox 843 1946 961 2015; x_wconf 83' lang='lat' dir='ltr'><strong>„Bened</strong></span> <span class='ocrx_word' id='word_1_114' title='bbox 983 1945 1018 2002; x_wconf 89' lang='lat' dir='ltr'><strong>de</strong></span> <span class='ocrx_word' id='word_1_115' title='bbox 1039 1945 1157 2017; x_wconf 87' lang='lat' dir='ltr'><strong>Spinoza</strong></span> <span class='ocrx_word' id='word_1_116' title='bbox 1178 1945 1226 2018; x_wconf 93' lang='lat' dir='ltr'><strong>qui</strong></span> 
     </span>
     <span class='ocr_line' id='line_1_16' title="bbox 119 2041 1226 2134; baseline -0.004 -30"><span class='ocrx_word' id='word_1_117' title='bbox 119 2121 122 2134; x_wconf 25' lang='lat'>⁸</span> <span class='ocrx_word' id='word_1_118' title='bbox 155 2047 354 2122; x_wconf 90' lang='lat' dir='ltr'><strong>pantheismum</strong></span> <span class='ocrx_word' id='word_1_119' title='bbox 384 2045 412 2100; x_wconf 95' lang='lat' dir='ltr'><strong>in</strong></span> <span class='ocrx_word' id='word_1_120' title='bbox 442 2053 545 2102; x_wconf 88' lang='lat' dir='ltr'><strong>certum</strong></span> <span class='ocrx_word' id='word_1_121' title='bbox 575 2045 700 2102; x_wconf 90' lang='lat' dir='ltr'><strong>ordinem</strong></span> <span class='ocrx_word' id='word_1_122' title='bbox 726 2052 753 2100; x_wconf 92' lang='lat' dir='ltr'><strong>et</strong></span> <span class='ocrx_word' id='word_1_123' title='bbox 781 2052 899 2116; x_wconf 79' lang='lat' dir='ltr'><strong>systema</strong></span> <span class='ocrx_word' id='word_1_124' title='bbox 923 2043 1037 2115; x_wconf 81' lang='lat' dir='ltr'><strong>redegit</strong></span> <span class='ocrx_word' id='word_1_125' title='bbox 1087 2041 1226 2116; x_wconf 78' lang='lat' dir='ltr'><strong>Quotquot</strong></span> 
     </span>
     <span class='ocr_line' id='line_1_17' title="bbox 155 2141 1226 2222; baseline -0.002 -18"><span class='ocrx_word' id='word_1_126' title='bbox 155 2148 238 2222; x_wconf 82' lang='lat' dir='ltr'><strong>igitur</strong></span> <span class='ocrx_word' id='word_1_127' title='bbox 259 2148 377 2202; x_wconf 79' lang='lat' dir='ltr'><strong>existunt</strong></span> <span class='ocrx_word' id='word_1_128' title='bbox 398 2145 567 2217; x_wconf 86' lang='lat' dir='ltr'><strong>Spinosistae</strong></span> <span class='ocrx_word' id='word_1_129' title='bbox 589 2151 629 2198; x_wconf 88' lang='lat' dir='ltr'><strong>tot</strong></span> <span class='ocrx_word' id='word_1_130' title='bbox 650 2142 824 2216; x_wconf 85' lang='lat' dir='ltr'><strong>reperiuntur</strong></span> <span class='ocrx_word' id='word_1_131' title='bbox 844 2141 1014 2200; x_wconf 88' lang='lat' dir='ltr'><strong>Pantheistae</strong></span> <span class='ocrx_word' id='word_1_132' title='bbox 1027 2143 1074 2218; x_wconf 89' lang='lat' dir='ltr'><strong>qni</strong></span> <span class='ocrx_word' id='word_1_133' title='bbox 1094 2145 1226 2219; x_wconf 73' lang='lat' dir='ltr'><strong>mundum</strong></span> 
     </span>
    </p>

    <p class='ocr_par' dir='ltr' id='par_1_6' title="bbox 141 2243 1229 4453">
     <span class='ocr_line' id='line_1_18' title="bbox 157 2243 1225 2310; baseline -0.002 -4"><span class='ocrx_word' id='word_1_134' title='bbox 157 2265 220 2306; x_wconf 85' lang='lat' dir='ltr'><strong>outo</strong></span> <span class='ocrx_word' id='word_1_135' title='bbox 242 2247 297 2302; x_wconf 80' lang='lat' dir='ltr'><strong>lieo</strong></span> <span class='ocrx_word' id='word_1_136' title='bbox 320 2245 491 2302; x_wconf 80' lang='lat' dir='ltr'><strong>confundunt</strong></span> <span class='ocrx_word' id='word_1_137' title='bbox 513 2244 707 2310; x_wconf 87' lang='lat' dir='ltr'><strong>contendentes</strong></span> <span class='ocrx_word' id='word_1_138' title='bbox 729 2243 813 2302; x_wconf 82' lang='lat' dir='ltr'><strong>Deum</strong></span> <span class='ocrx_word' id='word_1_139' title='bbox 842 2261 905 2302; x_wconf 92' lang='lat' dir='ltr'><strong>esse</strong></span> <span class='ocrx_word' id='word_1_140' title='bbox 933 2262 1042 2302; x_wconf 88' lang='lat' dir='ltr'><strong>causam</strong></span> <span class='ocrx_word' id='word_1_141' title='bbox 1063 2247 1158 2304; x_wconf 88' lang='lat' dir='ltr'><strong>mundi</strong></span> <span class='ocrx_word' id='word_1_142' title='bbox 1177 2248 1225 2304; x_wconf 90' lang='lat' dir='ltr'><strong>im·</strong></span> 
     </span>
     <span class='ocr_line' id='line_1_19' title="bbox 155 2341 1225 2428; baseline 0 -24"><span class='ocrx_word' id='word_1_143' title='bbox 155 2349 337 2404; x_wconf 87' lang='lat' dir='ltr'><strong>manentem.“</strong></span> <span class='ocrx_word' id='word_1_144' title='bbox 379 2345 459 2401; x_wconf 85' lang='lat' dir='ltr'><strong>Redit</strong></span> <span class='ocrx_word' id='word_1_145' title='bbox 478 2345 515 2426; x_wconf 76' lang='lat' dir='ltr'><strong>ad</strong></span> <span class='ocrx_word' id='word_1_146' title='bbox 534 2341 701 2414; x_wconf 79' lang='lat' dir='ltr'><strong>Telandurp,</strong></span> <span class='ocrx_word' id='word_1_147' title='bbox 730 2353 788 2412; x_wconf 90' lang='lat' dir='ltr'><strong>tpm</strong></span> <span class='ocrx_word' id='word_1_148' title='bbox 810 2344 911 2400; x_wconf 89' lang='lat' dir='ltr'><strong>llanilii</strong></span> <span class='ocrx_word' id='word_1_149' title='bbox 939 2353 965 2420; x_wconf 80' lang='lat' dir='ltr'><strong>et</strong></span> <span class='ocrx_word' id='word_1_150' title='bbox 994 2345 1103 2402; x_wconf 88' lang='lat' dir='ltr'><strong>Pacuvii</strong></span> <span class='ocrx_word' id='word_1_151' title='bbox 1129 2364 1225 2428; x_wconf 82' lang='lat' dir='ltr'><strong>versus¹</strong></span> 
     </span>
     <span class='ocr_line' id='line_1_20' title="bbox 154 2444 1226 2528; baseline 0.004 -23"><span class='ocrx_word' id='word_1_152' title='bbox 154 2449 261 2520; x_wconf 87' lang='lat' dir='ltr'><strong>repetit,</strong></span> <span class='ocrx_word' id='word_1_153' title='bbox 284 2447 347 2502; x_wconf 85' lang='lat' dir='ltr'><strong>dein</strong></span> <span class='ocrx_word' id='word_1_154' title='bbox 367 2452 500 2502; x_wconf 73' lang='lat' dir='ltr'><strong>tractate</strong></span> <span class='ocrx_word' id='word_1_155' title='bbox 526 2444 624 2502; x_wconf 88' lang='lat' dir='ltr'><strong>Stoicis</strong></span> <span class='ocrx_word' id='word_1_156' title='bbox 639 2444 771 2504; x_wconf 77' lang='lat' dir='ltr'><strong>Senecam</strong></span> <span class='ocrx_word' id='word_1_157' title='bbox 794 2447 959 2505; x_wconf 80' lang='lat' dir='ltr'><strong>Antoninum</strong></span> <span class='ocrx_word' id='word_1_158' title='bbox 980 2465 1065 2521; x_wconf 88' lang='lat' dir='ltr'><strong>porro</strong></span> <span class='ocrx_word' id='word_1_159' title='bbox 1089 2448 1226 2528; x_wconf 79' lang='lat' dir='ltr'><strong>Thaletem</strong></span> 
     </span>
     <span class='ocr_line' id='line_1_21' title="bbox 157 2546 1226 2628; baseline 0.003 -22"><span class='ocrx_word' id='word_1_160' title='bbox 157 2547 337 2606; x_wconf 78' lang='lat' dir='ltr'><strong>Alexandrum</strong></span> <span class='ocrx_word' id='word_1_161' title='bbox 373 2546 551 2620; x_wconf 84' lang='lat' dir='ltr'><strong>Epicuraeum</strong></span> <span class='ocrx_word' id='word_1_162' title='bbox 587 2547 656 2606; x_wconf 88' lang='lat' dir='ltr'><strong>alios</strong></span> <span class='ocrx_word' id='word_1_163' title='bbox 701 2556 729 2604; x_wconf 92' lang='lat' dir='ltr'><strong>et</strong></span> <span class='ocrx_word' id='word_1_164' title='bbox 764 2547 1023 2608; x_wconf 87' lang='lat' dir='ltr'><strong>llnhamodanornm</strong></span> <span class='ocrx_word' id='word_1_165' title='bbox 1064 2557 1151 2610; x_wconf 84' lang='lat' dir='ltr'><strong>sectas</strong></span> <span class='ocrx_word' id='word_1_166' title='bbox 1183 2550 1226 2628; x_wconf 76' lang='lat' dir='ltr'><strong>lll-</strong></span> 
     </span>
     <span class='ocr_line' id='line_1_22' title="bbox 156 2647 1226 2728; baseline 0.005 -23"><span class='ocrx_word' id='word_1_167' title='bbox 156 2647 247 2705; x_wconf 86' lang='lat' dir='ltr'><strong>lahlil</strong></span> <span class='ocrx_word' id='word_1_168' title='bbox 271 2657 298 2707; x_wconf 89' lang='lat' dir='ltr'><strong>et</strong></span> <span class='ocrx_word' id='word_1_169' title='bbox 319 2647 522 2706; x_wconf 86' lang='lat' dir='ltr'><strong>Zindilitarum.</strong></span> <span class='ocrx_word' id='word_1_170' title='bbox 566 2647 620 2704; x_wconf 91' lang='lat' dir='ltr'><strong>Per</strong></span> <span class='ocrx_word' id='word_1_171' title='bbox 649 2665 764 2722; x_wconf 83' lang='lat' dir='ltr'><strong>regnum</strong></span> <span class='ocrx_word' id='word_1_172' title='bbox 794 2667 904 2724; x_wconf 90' lang='lat' dir='ltr'><strong>quoque</strong></span> <span class='ocrx_word' id='word_1_173' title='bbox 933 2650 1047 2708; x_wconf 89' lang='lat' dir='ltr'><strong>Sinense</strong></span> <span class='ocrx_word' id='word_1_174' title='bbox 1076 2668 1107 2708; x_wconf 91' lang='lat' dir='ltr'><strong>ac</strong></span> <span class='ocrx_word' id='word_1_175' title='bbox 1127 2652 1226 2728; x_wconf 84' lang='lat' dir='ltr'><strong>lappe·</strong></span> 
     </span>
     <span class='ocr_line' id='line_1_23' title="bbox 155 2749 1227 2825; baseline 0.004 -19"><span class='ocrx_word' id='word_1_176' title='bbox 155 2767 240 2808; x_wconf 91' lang='lat' dir='ltr'><strong>nense</strong></span> <span class='ocrx_word' id='word_1_177' title='bbox 266 2749 474 2822; x_wconf 86' lang='lat' dir='ltr'><strong>universamque</strong></span> <span class='ocrx_word' id='word_1_178' title='bbox 502 2766 583 2822; x_wconf 89' lang='lat' dir='ltr'><strong>quam</strong></span> <span class='ocrx_word' id='word_1_179' title='bbox 611 2749 665 2808; x_wconf 89' lang='lat' dir='ltr'><strong>late</strong></span> <span class='ocrx_word' id='word_1_180' title='bbox 689 2759 762 2824; x_wconf 88' lang='lat' dir='ltr'><strong>patet</strong></span> <span class='ocrx_word' id='word_1_181' title='bbox 789 2750 891 2810; x_wconf 90' lang='lat' dir='ltr'><strong>lndiam</strong></span> <span class='ocrx_word' id='word_1_182' title='bbox 919 2769 1054 2810; x_wconf 88' lang='lat' dir='ltr'><strong>venenum</strong></span> <span class='ocrx_word' id='word_1_183' title='bbox 1082 2753 1135 2812; x_wconf 91' lang='lat' dir='ltr'><strong>hoo</strong></span> <span class='ocrx_word' id='word_1_184' title='bbox 1165 2771 1227 2825; x_wconf 80' lang='lat' dir='ltr'><strong>sese</strong></span> 
     </span>
     <span class='ocr_line' id='line_1_24' title="bbox 160 2848 1227 2936; baseline 0.007 -31"><span class='ocrx_word' id='word_1_185' title='bbox 160 2849 309 2906; x_wconf 86' lang='lat' dir='ltr'><strong>dillndisse·</strong></span> <span class='ocrx_word' id='word_1_186' title='bbox 324 2848 451 2908; x_wconf 83' lang='lat' dir='ltr'><strong>observat</strong></span> <span class='ocrx_word' id='word_1_187' title='bbox 473 2851 587 2910; x_wconf 85' lang='lat' dir='ltr'><strong>testibus</strong></span> <span class='ocrx_word' id='word_1_188' title='bbox 615 2852 718 2926; x_wconf 89' lang='lat' dir='ltr'><strong>ubique</strong></span> <span class='ocrx_word' id='word_1_189' title='bbox 740 2854 897 2920; x_wconf 82' lang='lat' dir='ltr'><strong>doctissime</strong></span> <span class='ocrx_word' id='word_1_190' title='bbox 926 2854 1013 2912; x_wconf 90' lang='lat' dir='ltr'><strong>editis.</strong></span> <span class='ocrx_word' id='word_1_191' title='bbox 1057 2854 1141 2912; x_wconf 86' lang='lat' dir='ltr'><strong>Paulo</strong></span> <span class='ocrx_word' id='word_1_192' title='bbox 1164 2863 1227 2936; x_wconf 67' lang='lat' dir='ltr'><strong>post</strong></span> 
     </span>
     <span class='ocr_line' id='line_1_25' title="bbox 155 2951 1226 3034; baseline 0.005 -27"><span class='ocrx_word' id='word_1_193' title='bbox 155 2951 284 3020; x_wconf 83' lang='lat' dir='ltr'><strong>„Atlrei“</strong></span> <span class='ocrx_word' id='word_1_194' title='bbox 304 2951 392 3025; x_wconf 90' lang='lat' dir='ltr'><strong>inquit</strong></span> <span class='ocrx_word' id='word_1_195' title='bbox 410 2953 506 3021; x_wconf 83' lang='lat' dir='ltr'><strong>„inter</strong></span> <span class='ocrx_word' id='word_1_196' title='bbox 527 2971 598 3027; x_wconf 91' lang='lat' dir='ltr'><strong>qnos</strong></span> <span class='ocrx_word' id='word_1_197' title='bbox 620 2954 708 3012; x_wconf 87' lang='lat' dir='ltr'><strong>lulius</strong></span> <span class='ocrx_word' id='word_1_198' title='bbox 730 2955 828 3014; x_wconf 82' lang='lat' dir='ltr'><strong>Caesar</strong></span> <span class='ocrx_word' id='word_1_199' title='bbox 847 2955 966 3026; x_wconf 84' lang='lat' dir='ltr'><strong>Vaninus</strong></span> <span class='ocrx_word' id='word_1_200' title='bbox 988 2955 1167 3028; x_wconf 86' lang='lat' dir='ltr'><strong>principatum</strong></span> <span class='ocrx_word' id='word_1_201' title='bbox 1189 2964 1226 3034; x_wconf 54' lang='lat' dir='ltr'><strong>tay</strong></span> 
     </span>
     <span class='ocr_line' id='line_1_26' title="bbox 157 3053 1227 3134; baseline 0.006 -24"><span class='ocrx_word' id='word_1_202' title='bbox 157 3062 204 3112; x_wconf 88' lang='lat' dir='ltr'><strong>net</strong></span> <span class='ocrx_word' id='word_1_203' title='bbox 238 3053 290 3110; x_wconf 89' lang='lat' dir='ltr'><strong>sub</strong></span> <span class='ocrx_word' id='word_1_204' title='bbox 320 3061 434 3112; x_wconf 88' lang='lat' dir='ltr'><strong>naturae</strong></span> <span class='ocrx_word' id='word_1_205' title='bbox 468 3056 543 3114; x_wconf 92' lang='lat' dir='ltr'><strong>idolo</strong></span> <span class='ocrx_word' id='word_1_206' title='bbox 573 3057 704 3116; x_wconf 81' lang='lat' dir='ltr'><strong>Atheisrni</strong></span> <span class='ocrx_word' id='word_1_207' title='bbox 732 3075 865 3116; x_wconf 88' lang='lat' dir='ltr'><strong>venenum</strong></span> <span class='ocrx_word' id='word_1_208' title='bbox 883 3058 1057 3132; x_wconf 20' lang='lat' dir='ltr'><strong>&#39;aliquamdiu</strong></span> <span class='ocrx_word' id='word_1_209' title='bbox 1084 3057 1227 3134; x_wconf 75' lang='lat' dir='ltr'><strong>vaferrime</strong></span> 
     </span>
     <span class='ocr_line' id='line_1_27' title="bbox 141 3145 1228 3238; baseline 0.007 -30"><span class='ocrx_word' id='word_1_210' title='bbox 141 3145 334 3210; x_wconf 55' lang='lat' dir='ltr'><strong>‘occultarunt</strong></span> <span class='ocrx_word' id='word_1_211' title='bbox 390 3153 431 3210; x_wconf 82' lang='lat' dir='ltr'><strong>Ab</strong></span> <span class='ocrx_word' id='word_1_212' title='bbox 467 3154 510 3210; x_wconf 89' lang='lat' dir='ltr'><strong>his</strong></span> <span class='ocrx_word' id='word_1_213' title='bbox 536 3164 710 3230; x_wconf 86' lang='lat' dir='ltr'><strong>portentosae</strong></span> <span class='ocrx_word' id='word_1_214' title='bbox 742 3158 891 3216; x_wconf 89' lang='lat' dir='ltr'><strong>sententiae</strong></span> <span class='ocrx_word' id='word_1_215' title='bbox 919 3174 1054 3215; x_wconf 86' lang='lat' dir='ltr'><strong>venenum</strong></span> <span class='ocrx_word' id='word_1_216' title='bbox 1079 3158 1228 3238; x_wconf 78' lang='lat' dir='ltr'><strong>hauserunt</strong></span> 
     </span>
     <span class='ocr_line' id='line_1_28' title="bbox 153 3233 1226 3334; baseline 0.012 -25"><span class='ocrx_word' id='word_1_217' title='bbox 153 3254 278 3310; x_wconf 76' lang='lat' dir='ltr'><strong>¹Faustini</strong></span> <span class='ocrx_word' id='word_1_218' title='bbox 303 3233 393 3312; x_wconf 83' lang='lat' dir='ltr'><strong>omnio</strong></span> <span class='ocrx_word' id='word_1_219' title='bbox 424 3257 529 3314; x_wconf 90' lang='lat' dir='ltr'><strong>divinae</strong></span> <span class='ocrx_word' id='word_1_220' title='bbox 552 3258 690 3326; x_wconf 82' lang='lat' dir='ltr'><strong>essentiae</strong></span> <span class='ocrx_word' id='word_1_221' title='bbox 708 3276 769 3318; x_wconf 88' lang='lat' dir='ltr'><strong>esse</strong></span> <span class='ocrx_word' id='word_1_222' title='bbox 791 3259 928 3318; x_wconf 84' lang='lat' dir='ltr'><strong>divinitate</strong></span> <span class='ocrx_word' id='word_1_223' title='bbox 949 3261 1070 3319; x_wconf 89' lang='lat' dir='ltr'><strong>omnium</strong></span> <span class='ocrx_word' id='word_1_224' title='bbox 1091 3260 1163 3318; x_wconf 91' lang='lat' dir='ltr'><strong>velut</strong></span> <span class='ocrx_word' id='word_1_225' title='bbox 1185 3279 1226 3334; x_wconf 64' lang='lat' dir='ltr'><strong>re,-</strong></span> 
     </span>
     <span class='ocr_line' id='line_1_29' title="bbox 160 3339 1228 3432; baseline 0.009 -22"><span class='ocrx_word' id='word_1_226' title='bbox 160 3371 220 3410; x_wconf 90' lang='lat' dir='ltr'><strong>rnm</strong></span> <span class='ocrx_word' id='word_1_227' title='bbox 250 3355 360 3412; x_wconf 83' lang='lat' dir='ltr'><strong>materia</strong></span> <span class='ocrx_word' id='word_1_228' title='bbox 391 3339 521 3414; x_wconf 61' lang='lat' dir='ltr'><strong>enistssnte</strong></span> <span class='ocrx_word' id='word_1_229' title='bbox 550 3361 688 3430; x_wconf 84' lang='lat' dir='ltr'><strong>docentes.</strong></span> <span class='ocrx_word' id='word_1_230' title='bbox 731 3362 771 3432; x_wconf 85' lang='lat' dir='ltr'><strong>ln¹</strong></span> <span class='ocrx_word' id='word_1_231' title='bbox 788 3362 842 3420; x_wconf 86' lang='lat' dir='ltr'><strong>hoc</strong></span> <span class='ocrx_word' id='word_1_232' title='bbox 862 3363 920 3420; x_wconf 91' lang='lat' dir='ltr'><strong>luto</strong></span> <span class='ocrx_word' id='word_1_233' title='bbox 940 3363 1085 3420; x_wconf 86' lang='lat' dir='ltr'><strong>Boehmius</strong></span> <span class='ocrx_word' id='word_1_234' title='bbox 1107 3361 1228 3420; x_wconf 83' lang='lat' dir='ltr'><strong>Stilelius</strong></span> 
     </span>
     <span class='ocr_line' id='line_1_30' title="bbox 159 3439 1228 3537; baseline 0.009 -25"><span class='ocrx_word' id='word_1_235' title='bbox 159 3455 377 3530; x_wconf 80' lang='lat' dir='ltr'><strong>Felgenhauerns</strong></span> <span class='ocrx_word' id='word_1_236' title='bbox 397 3439 461 3520; x_wconf 80' lang='lat' dir='ltr'><strong>s&#39;eb.</strong></span> <span class='ocrx_word' id='word_1_237' title='bbox 481 3459 600 3520; x_wconf 80' lang='lat' dir='ltr'><strong>Francus</strong></span> <span class='ocrx_word' id='word_1_238' title='bbox 621 3463 664 3522; x_wconf 84' lang='lat' dir='ltr'><strong>Jo.</strong></span> <span class='ocrx_word' id='word_1_239' title='bbox 688 3463 787 3522; x_wconf 86' lang='lat' dir='ltr'><strong>Leadia</strong></span> <span class='ocrx_word' id='word_1_240' title='bbox 808 3465 851 3522; x_wconf 86' lang='lat' dir='ltr'><strong>lo.</strong></span> <span class='ocrx_word' id='word_1_241' title='bbox 874 3463 1025 3537; x_wconf 79' lang='lat' dir='ltr'><strong>Pordagius</strong></span> <span class='ocrx_word' id='word_1_242' title='bbox 1046 3463 1145 3535; x_wconf 85' lang='lat' dir='ltr'><strong>aliique</strong></span> <span class='ocrx_word' id='word_1_243' title='bbox 1165 3463 1228 3522; x_wconf 74' lang='lat' dir='ltr'><strong>hae·</strong></span> 
     </span>
     <span class='ocr_line' id='line_1_31' title="bbox 159 3559 1229 3640; baseline 0.009 -24"><span class='ocrx_word' id='word_1_244' title='bbox 159 3563 248 3616; x_wconf 87' lang='lat' dir='ltr'><strong>rent.“</strong></span> <span class='ocrx_word' id='word_1_245' title='bbox 289 3559 438 3618; x_wconf 88' lang='lat' dir='ltr'><strong>llemorato</strong></span> <span class='ocrx_word' id='word_1_246' title='bbox 461 3561 560 3622; x_wconf 81' lang='lat' dir='ltr'><strong>liavida</strong></span> <span class='ocrx_word' id='word_1_247' title='bbox 590 3565 624 3622; x_wconf 90' lang='lat' dir='ltr'><strong>de</strong></span> <span class='ocrx_word' id='word_1_248' title='bbox 645 3565 759 3626; x_wconf 85' lang='lat' dir='ltr'><strong>Dinanto</strong></span> <span class='ocrx_word' id='word_1_249' title='bbox 775 3566 826 3634; x_wconf 54' lang='lat' dir='ltr'><strong>¹arrd</strong></span> <span class='ocrx_word' id='word_1_250' title='bbox 854 3566 999 3640; x_wconf 79' lang='lat' dir='ltr'><strong>Spinonem</strong></span> <span class='ocrx_word' id='word_1_251' title='bbox 1020 3565 1164 3625; x_wconf 75' lang='lat' dir='ltr'><strong>revomitur</strong></span> <span class='ocrx_word' id='word_1_252' title='bbox 1184 3565 1229 3626; x_wconf 88' lang='lat' dir='ltr'><strong>cui</strong></span> 
     </span>
     <span class='ocr_line' id='line_1_32' title="bbox 159 3660 1228 3748; baseline 0.009 -32"><span class='ocrx_word' id='word_1_253' title='bbox 159 3660 326 3748; x_wconf 77' lang='lat' dir='ltr'><strong>lluilelerum</strong></span> <span class='ocrx_word' id='word_1_254' title='bbox 352 3664 474 3739; x_wconf 80' lang='lat' dir='ltr'><strong>adjungit</strong></span> <span class='ocrx_word' id='word_1_255' title='bbox 510 3666 634 3736; x_wconf 87' lang='lat' dir='ltr'><strong>„lamosi</strong></span> <span class='ocrx_word' id='word_1_256' title='bbox 671 3669 789 3726; x_wconf 88' lang='lat' dir='ltr'><strong>nominis</strong></span> <span class='ocrx_word' id='word_1_257' title='bbox 818 3668 1025 3742; x_wconf 88' lang='lat' dir='ltr'><strong>Spinosistam“</strong></span> <span class='ocrx_word' id='word_1_258' title='bbox 1055 3685 1139 3742; x_wconf 92' lang='lat' dir='ltr'><strong>porro</strong></span> <span class='ocrx_word' id='word_1_259' title='bbox 1167 3668 1228 3738; x_wconf 68' lang='lat' dir='ltr'><strong>Sim</strong></span> 
     </span>
     <span class='ocr_line' id='line_1_33' title="bbox 165 3759 1228 3846; baseline 0.009 -30"><span class='ocrx_word' id='word_1_260' title='bbox 165 3759 270 3840; x_wconf 76' lang='lat' dir='ltr'><strong>sollium</strong></span> <span class='ocrx_word' id='word_1_261' title='bbox 292 3763 459 3822; x_wconf 82' lang='lat' dir='ltr'><strong>l&#39;ridericnm</strong></span> <span class='ocrx_word' id='word_1_262' title='bbox 481 3784 532 3822; x_wconf 84' lang='lat' dir='ltr'><strong>van</strong></span> <span class='ocrx_word' id='word_1_263' title='bbox 553 3767 692 3846; x_wconf 84' lang='lat' dir='ltr'><strong>Leenholo</strong></span> <span class='ocrx_word' id='word_1_264' title='bbox 713 3771 898 3846; x_wconf 76' lang='lat' dir='ltr'><strong>Waclaterum.</strong></span> <span class='ocrx_word' id='word_1_265' title='bbox 942 3769 1017 3838; x_wconf 76' lang='lat' dir='ltr'><strong>Quos</strong></span> <span class='ocrx_word' id='word_1_266' title='bbox 1043 3785 1132 3842; x_wconf 88' lang='lat' dir='ltr'><strong>nuper</strong></span> <span class='ocrx_word' id='word_1_267' title='bbox 1152 3785 1228 3826; x_wconf 85' lang='lat' dir='ltr'><strong>seeu-</strong></span> 
     </span>
     <span class='ocr_line' id='line_1_34' title="bbox 164 3865 1228 3945; baseline 0.013 -31"><span class='ocrx_word' id='word_1_268' title='bbox 164 3865 206 3914; x_wconf 86' lang='lat' dir='ltr'><strong>tos</strong></span> <span class='ocrx_word' id='word_1_269' title='bbox 231 3875 297 3924; x_wconf 83' lang='lat' dir='ltr'><strong>csse</strong></span> <span class='ocrx_word' id='word_1_270' title='bbox 327 3873 417 3922; x_wconf 85' lang='lat' dir='ltr'><strong>censet</strong></span> <span class='ocrx_word' id='word_1_271' title='bbox 441 3866 592 3936; x_wconf 85' lang='lat' dir='ltr'><strong>&#39;lelandqm</strong></span> <span class='ocrx_word' id='word_1_272' title='bbox 621 3869 817 3943; x_wconf 87' lang='lat' dir='ltr'><strong>Collinnmque.</strong></span> <span class='ocrx_word' id='word_1_273' title='bbox 866 3871 904 3928; x_wconf 85' lang='lat' dir='ltr'><strong>lle</strong></span> <span class='ocrx_word' id='word_1_274' title='bbox 931 3869 1082 3945; x_wconf 79' lang='lat' dir='ltr'><strong>originibus</strong></span> <span class='ocrx_word' id='word_1_275' title='bbox 1109 3869 1228 3942; x_wconf 73' lang='lat' dir='ltr'><strong>Iudaicis</strong></span> 
     </span>
     <span class='ocr_line' id='line_1_35' title="bbox 160 3959 1229 4043; baseline 0.007 -23"><span class='ocrx_word' id='word_1_276' title='bbox 160 3959 244 4020; x_wconf 80' lang='lat' dir='ltr'><strong>altera</strong></span> <span class='ocrx_word' id='word_1_277' title='bbox 265 3969 307 4018; x_wconf 87' lang='lat' dir='ltr'><strong>est</strong></span> <span class='ocrx_word' id='word_1_278' title='bbox 329 3961 518 4036; x_wconf 88' lang='lat' dir='ltr'><strong>disputationis</strong></span> <span class='ocrx_word' id='word_1_279' title='bbox 539 3967 679 4038; x_wconf 88' lang='lat' dir='ltr'><strong>particula.</strong></span> <span class='ocrx_word' id='word_1_280' title='bbox 723 3970 786 4026; x_wconf 77' lang='lat' dir='ltr'><strong>llos</strong></span> <span class='ocrx_word' id='word_1_281' title='bbox 806 3970 835 4026; x_wconf 92' lang='lat' dir='ltr'><strong>in</strong></span> <span class='ocrx_word' id='word_1_282' title='bbox 856 3987 999 4028; x_wconf 87' lang='lat' dir='ltr'><strong>numerum</strong></span> <span class='ocrx_word' id='word_1_283' title='bbox 1016 3969 1229 4043; x_wconf 81' lang='lat' dir='ltr'><strong>pantheistarum</strong></span> 
     </span>
     <span class='ocr_line' id='line_1_36' title="bbox 162 4063 1227 4144; baseline 0.009 -26"><span class='ocrx_word' id='word_1_284' title='bbox 162 4072 322 4140; x_wconf 67' lang='lat' dir='ltr'><strong>aggregatus</strong></span> <span class='ocrx_word' id='word_1_285' title='bbox 343 4073 385 4121; x_wconf 82' lang='lat' dir='ltr'><strong>est</strong></span> <span class='ocrx_word' id='word_1_286' title='bbox 405 4063 587 4124; x_wconf 79' lang='lat' dir='ltr'><strong>lidelmannus</strong></span> <span class='ocrx_word' id='word_1_287' title='bbox 608 4067 716 4141; x_wconf 90' lang='lat' dir='ltr'><strong>dequo</strong></span> <span class='ocrx_word' id='word_1_288' title='bbox 739 4070 876 4126; x_wconf 88' lang='lat' dir='ltr'><strong>disserens</strong></span> <span class='ocrx_word' id='word_1_289' title='bbox 898 4069 1117 4144; x_wconf 78' lang='lat' dir='ltr'><strong>Harenbergus</strong></span> <span class='ocrx_word' id='word_1_290' title='bbox 1110 4087 1138 4126; x_wconf 91' lang='lat' dir='ltr'><strong>m</strong></span> <span class='ocrx_word' id='word_1_291' title='bbox 1156 4069 1227 4129; x_wconf 90' lang='lat' dir='ltr'><strong>libro</strong></span> 
     </span>
     <span class='ocr_line' id='line_1_37' title="bbox 163 4165 1229 4245; baseline 0.014 -30"><span class='ocrx_word' id='word_1_292' title='bbox 163 4175 251 4239; x_wconf 84' lang='lat' dir='ltr'><strong>qnam</strong></span> <span class='ocrx_word' id='word_1_293' title='bbox 264 4165 401 4242; x_wconf 90' lang='lat' dir='ltr'><strong>inscripsit</strong></span> <span class='ocrx_word' id='word_1_294' title='bbox 423 4166 559 4226; x_wconf 87' lang='lat' dir='ltr'><strong>Gerettete</strong></span> <span class='ocrx_word' id='word_1_295' title='bbox 588 4169 711 4245; x_wconf 80' lang='lat' dir='ltr'><strong>lleliqion</strong></span> <span class='ocrx_word' id='word_1_296' title='bbox 737 4172 817 4233; x_wconf 80' lang='lat'>1747</span> <span class='ocrx_word' id='word_1_297' title='bbox 841 4171 1014 4245; x_wconf 85' lang='lat' dir='ltr'><strong>antiquorum</strong></span> <span class='ocrx_word' id='word_1_298' title='bbox 1035 4174 1229 4244; x_wconf 78' lang='lat' dir='ltr'><strong>recentiorum,-</strong></span> 
     </span>
     <span class='ocr_line' id='line_1_38' title="bbox 161 4267 1228 4344; baseline 0.007 -21.007"><span class='ocrx_word' id='word_1_299' title='bbox 161 4277 216 4342; x_wconf 76' lang='lat' dir='ltr'><strong>que</strong></span> <span class='ocrx_word' id='word_1_300' title='bbox 245 4267 458 4336; x_wconf 86' lang='lat' dir='ltr'><strong>pantheistarnm</strong></span> <span class='ocrx_word' id='word_1_301' title='bbox 485 4269 665 4344; x_wconf 88' lang='lat' dir='ltr'><strong>Spinozae</strong></span> <span class='ocrx_word' id='word_1_302' title='bbox 687 4275 845 4335; x_wconf 88' lang='lat' dir='ltr'><strong>&#39;lelandi</strong></span> <span class='ocrx_word' id='word_1_303' title='bbox 873 4275 990 4334; x_wconf 90' lang='lat' dir='ltr'><strong>aliorum</strong></span> <span class='ocrx_word' id='word_1_304' title='bbox 1011 4271 1075 4330; x_wconf 91' lang='lat' dir='ltr'><strong>dicit</strong></span> <span class='ocrx_word' id='word_1_305' title='bbox 1099 4290 1159 4335; x_wconf 80' lang='lat' dir='ltr'><strong>esse</strong></span> <span class='ocrx_word' id='word_1_306' title='bbox 1183 4271 1228 4342; x_wconf 78' lang='lat' dir='ltr'><strong>sti¹</strong></span> 
     </span>
     <span class='ocr_line' id='line_1_39' title="bbox 161 4366 1228 4453; baseline 0.013 -34"><span class='ocrx_word' id='word_1_307' title='bbox 161 4370 292 4446; x_wconf 83' lang='lat' dir='ltr'><strong>patorem</strong></span> <span class='ocrx_word' id='word_1_308' title='bbox 327 4366 412 4440; x_wconf 79' lang='lat' dir='ltr'><strong>„dlla</strong></span> <span class='ocrx_word' id='word_1_309' title='bbox 433 4368 508 4428; x_wconf 79' lang='lat' dir='ltr'><strong>dieve</strong></span> <span class='ocrx_word' id='word_1_310' title='bbox 528 4370 631 4444; x_wconf 82' lang='lat' dir='ltr'><strong>Leute“</strong></span> <span class='ocrx_word' id='word_1_311' title='bbox 643 4375 742 4453; x_wconf 87' lang='lat' dir='ltr'><strong>inquit</strong></span> <span class='ocrx_word' id='word_1_312' title='bbox 761 4376 843 4448; x_wconf 72' lang='lat' dir='ltr'><strong>,sind</strong></span> <span class='ocrx_word' id='word_1_313' title='bbox 863 4371 1039 4437; x_wconf 84' lang='lat' dir='ltr'><strong>Pantheisten</strong></span> <span class='ocrx_word' id='word_1_314' title='bbox 1060 4370 1115 4446; x_wconf 80' lang='lat' dir='ltr'><strong>und</strong></span> <span class='ocrx_word' id='word_1_315' title='bbox 1137 4369 1228 4452; x_wconf 77' lang='lat' dir='ltr'><strong>hulten</strong></span> 
     </span>
    </p>
   </div>
   <div class='ocr_carea' id='block_1_5' title="bbox 0 0 1482 4838">
    <p class='ocr_par' dir='ltr' id='par_1_7' title="bbox 0 0 1482 4838">
     <span class='ocr_line' id='line_1_40' title="bbox 0 0 1482 4838; baseline 0 0"><span class='ocrx_word' id='word_1_316' title='bbox 0 0 1482 4838; x_wconf 95' lang='lat' dir='ltr'><strong> </strong></span> 
     </span>
    </p>
   </div>
  </div>
 </body>
</html>
