2930 4838
790 442 809 498 2
873 380 877 404 ,

369 612 491 670 Praetori
513 625 577 668 vero
599 610 664 666 inihi
682 607 762 668 liccat
786 587 908 684 eaquae
931 612 959 668 in
981 613 1102 670 virorum
1119 616 1263 678 doctorum
1284 639 1340 681 ver·

269 716 312 774 bis
335 732 404 790 quae
426 711 502 774 attuli
531 712 627 769 litteris
650 711 785 768 distractis
815 729 913 769 excusa
941 712 1079 786 legentur,
1107 729 1243 776 amemet
1271 721 1340 794 ipso,

268 833 325 876 non
344 818 378 874 ab
400 815 557 874 auctoribus
578 813 711 871 librorum
734 815 842 871 illorum
855 816 911 887 ,sic‘
925 816 1027 890 signata
1049 834 1118 874 esse.

369 923 461 996 ltaque
484 922 517 978 de
537 921 642 993 origine
664 919 788 976 vocabuli
810 919 972 992 pantheismi
993 921 1082 993 primo
1104 921 1166 978 loco
1182 923 1261 980 nobis
1285 927 1338 982 dis·

268 1025 414 1084 serendum
436 1032 485 1082 est.
528 1021 605 1083 Haud
636 1021 692 1078 scio
716 1025 837 1077 veroin
861 1020 964 1077 nullum
988 1022 1123 1094 reliquum
1151 1025 1184 1080 sit
1211 1027 1337 1083 vocabuli

268 1120 435 1188 πανθείου
463 1124 603 1198 vestigium
632 1132 693 1179 ante
721 1121 902 1180 Aristotelem.
957 1123 1039 1195 Cujus
1064 1127 1220 1201 philosophi
1245 1127 1334 1184 locum

268 1231 403 1306 quendam
425 1228 473 1284 ubi
493 1227 592 1302 legitur
614 1219 777 1284 πάνθειον
800 1225 915 1282 servavit
944 1226 1111 1286 scholiorum
1140 1231 1258 1302 scriptor
1279 1230 1335 1302 qui·

268 1333 330 1392 dam
360 1333 394 1390 ad
415 1329 603 1404 Aristophanis
625 1327 731 1384 Plutum
761 1345 785 1382 r.
810 1324 880 1383 586.
924 1327 966 1384 hd
988 1329 1148 1385 vocabulum
1171 1321 1336 1388 πάνθειον

268 1444 358 1494 autem
378 1411 558 1506 supplendum
587 1437 628 1486 est
649 1415 748 1508 lapda.
792 1426 963 1484 Posteriores
993 1429 1072 1485 etiam
1095 1419 1246 1488 πάνθεον
1270 1430 1335 1487 scri·

266 1525 376 1596 bebant.
419 1535 466 1590 Est
479 1551 542 1590 vero
561 1529 690 1604 templum
712 1527 952 1584 communitorium
975 1549 1022 1587 seu
1045 1531 1187 1588 delubrum
1208 1531 1258 1589 diis
1281 1550 1335 1589 orn·

268 1628 348 1695 nibus
371 1613 486 1692 sacrum.
530 1633 560 1688 ln
577 1630 694 1704 hymnis
717 1637 804 1686 autem
828 1629 951 1701 Orphieis
975 1609 1020 1703 qui
1050 1631 1180 1686 dicuntur
1203 1635 1229 1686 in
1252 1648 1334 1686 novo·

268 1730 329 1797 roan
352 1736 554 1793 Platonicorum
580 1731 673 1788 schola
702 1731 858 1803 compositis
880 1737 922 1786 ter
951 1727 1016 1806 (at,
1041 1732 1069 1788 7.
1094 1731 1142 1801 52,
1165 1733 1192 1789 9.
1218 1729 1267 1800 53,
1291 1729 1334 1807 7.)

268 1839 368 1916 legitur
395 1829 561 1905 adiabaros
587 1825 700 1911 τελέω]
731 1850 800 1906 quae
828 1832 910 1888 verba
939 1835 1075 1907 eleganter
1102 1835 1232 1892 convertit
1254 1835 1336 1891 Scali-

269 1945 332 2019 ger:
359 1935 533 2014 pandiculans
548 1950 664 2000 sacrum,
686 1933 713 1987 in
736 1933 863 1988 thesauro
886 1941 972 1989 umen
986 1933 1093 1989 llenriei
1116 1935 1243 2006 Stephani
1260 1935 1333 1990 edito
1422 1933 1428 1952 ⁸

268 2033 302 2100 ab
329 2039 411 2096 Hnsio
443 2035 502 2093 aliis
529 2033 569 2090 Vl.
607 2051 633 2106 p.
669 2033 727 2089 tto
764 2033 911 2108 explicatur
942 2023 1106 2104 πάνθειος
1141 2035 1157 2089 ί,
1187 2051 1212 2106 q.
1243 2025 1333 2095 πάνυ
1414 2035 1417 2042 ’

266 2131 372 2211 θεῖος.
417 2141 438 2194 Α
456 2139 620 2193 Graecorum
637 2153 702 2192 vero
726 2135 813 2192 forma
827 2136 926 2210 duplici
946 2125 1111 2194 πάνθειον
1133 2143 1159 2191 et
1178 2128 1329 2192 πάνθεον

181 2279 183 2287 .
266 2235 414 2322 pantheum
430 2239 631 2312 pantheumque
653 2239 923 2296 inconsuetudinem
947 2239 1018 2293 venit
1032 2239 1214 2293 Romanor.·m
1235 2251 1332 2293 eorun-

267 2344 329 2400 dem
343 2336 589 2396 concelebrantium
605 2336 855 2410 diespandiculares
871 2334 968 2408 quibus
986 2336 1051 2390 deos
1067 2352 1160 2390 omnes
1176 2337 1332 2407 indigetent.

268 2445 302 2502 cl.
324 2443 432 2499 llestum
454 2438 494 2496 ed.
518 2437 613 2494 Miller
634 2457 660 2512 p.
675 2439 746 2493 220.
790 2440 827 2492 De
846 2438 970 2492 manibus
993 2437 1087 2493 votivis
1110 2446 1197 2492 autem
1220 2437 1334 2510 aliisque

266 2545 295 2602 id
317 2559 402 2618 genus
424 2538 505 2596 rebus
528 2555 594 2612 quas
616 2556 676 2595 cum
701 2554 745 2593 res
768 2535 801 2590 ad
817 2535 920 2589 varium
941 2533 1053 2588 deorum
1076 2535 1176 2588 ercitum
1198 2537 1334 2608 pertinen·

265 2655 307 2705 tes
330 2641 558 2716 completorentur
584 2641 713 2712 pantheus
744 2635 950 2691 nominaverunt
985 2631 1019 2687 ci.
1048 2631 1134 2687 libros
1165 2651 1233 2705 quos
1261 2637 1334 2706 apud

265 2749 349 2808 llenr.
372 2745 463 2818 Steph.
484 2741 506 2799 l.‘
521 2761 543 2798 c.
567 2739 689 2797 laudatos
711 2735 840 2793 invenies.
884 2735 1027 2792 Praeterea
1046 2733 1160 2804 legimus
1183 2735 1255 2814 apud
1275 2735 1334 2794 Stc·

265 2851 384 2926 phanum
402 2847 420 2904 l.
444 2864 466 2903 c.
486 2835 801 2913 „rrdrdeog'omnium
826 2838 900 2894 aleus.
923 2838 990 2893 Gl.“
1033 2837 1104 2892 llaec
1118 2846 1181 2892 sunt
1201 2837 1333 2896 vocabula

267 2967 336 3024 quaa
347 2947 470 3022 proxime
486 2945 598 2999 attinent
612 2941 645 2996 ad
660 2941 822 3014 pantheismi
839 2955 940 2997 nomen
957 2939 1034 3010 cujus
1056 2948 1145 3020 tannen
1160 2939 1244 3011 ipsius
1260 2941 1334 2998 nulla

266 3041 461 3128 apudveteres
485 3043 562 3115 origo
585 3041 699 3098 irtvcniri
718 3049 816 3114 potest
860 3043 952 3115 ltaque
974 3053 1113 3114 quaeritur
1134 3058 1188 3112 quo
1210 3049 1333 3114 ternpore

263 3147 418 3224 posteriore
431 3151 558 3202 novatum
572 3142 614 3198 sit.
627 3175 668 3185 -
712 3143 748 3200 tte
770 3145 820 3199 hac
850 3161 879 3202 re
902 3145 972 3222 inter·
993 3143 1079 3199 libros
1100 3143 1265 3200 recentiores
1287 3162 1331 3201 en·

265 3245 437 3326 cyclopaedia
465 3263 534 3318 quac
562 3245 659 3301 dicitur
687 3245 905 3302 Brochhausiana
939 3236 1019 3302 latius
1051 3252 1153 3300 tantum
1182 3253 1256 3301 notat
1284 3263 1331 3302 no-

264 3341 328 3414 rnen
348 3352 415 3410 illud
434 3350 468 3406 ab
491 3348 566 3404 initio
590 3349 691 3405 sacculi
713 3351 799 3406 octavi
821 3351 917 3408 decimi
940 3351 1091 3406 invaluisse.
1136 3349 1221 3406 Unum
1244 3351 1332 3407 solum

266 3452 392 3512 carolum
411 3451 522 3508 llasium
551 3449 585 3505 ad
614 3451 664 3509 vol
687 3453 718 3507 ll.
747 3471 772 3526 p.
796 3453 845 3510 83.
875 3451 1166 3526 baumgarten-Crusii
1193 3453 1333 3508 historiam

266 3545 422 3627 dogmatum
445 3551 651 3609 christianorum
663 3587 706 3600 -
720 3553 796 3626 cujus
809 3554 872 3610 libri
894 3556 1096 3610 annotationum
1111 3572 1222 3628 usquca
1238 3555 1338 3628 pagina

268 3647 309 3714 38
332 3655 419 3728 ipsum
448 3671 477 3709 sc
503 3655 634 3711 rationem
657 3657 772 3712 reddere
795 3657 894 3716 dehere
922 3657 986 3714 dicit
1008 3659 1096 3715 editor
1117 3658 1144 3714 in
1166 3655 1334 3728 praelatione

266 3775 293 3831 p.
310 3755 339 3813 V.
361 3785 400 3796 -
423 3755 573 3810 accuratius
597 3755 783 3814 observavisse
801 3757 969 3832 reperimus:
993 3760 1042 3816 der
1064 3759 1147 3817 Namc
1167 3756 1262 3813 wurdc
1284 3757 1332 3813 oh-

266 3859 319 3916 liob
343 3856 428 3914 durch
451 3857 568 3924 Toland‚
600 3855 810 3917 Pantheistioum
833 3878 855 3916 s.
878 3859 993 3916 formula
1016 3855 1176 3917 celebranda
1199 3855 1332 3913 societatis

268 3955 421 4014 Socraticae
448 3955 538 4012 1720.
583 3955 660 4023 Quod
683 3970 871 4034 argumentum
891 3969 1024 4020 tentemus
1045 3975 1118 4015 nunc
1138 3955 1299 4030 diligentius.

370 4055 481 4112 Constat
502 4070 567 4110 sane
589 4059 663 4126 quod
685 4057 772 4115 lector
793 4061 870 4118 valde
892 4061 1024 4134 suspicari
1045 4068 1135 4131 potest
1155 4073 1204 4130 per
1217 4052 1337 4112 medium

266 4170 362 4212 aarum
384 4153 623 4209 condemnatorum
645 4155 829 4214 doctrinarum
849 4158 965 4214 asseclas
991 4158 1024 4212 ab
1047 4155 1251 4214 adversantibus
1280 4153 1336 4230 qui·

266 4251 318 4310 bus
346 4249 471 4308 acerbior
497 4247 621 4304 atheismi
648 4251 784 4310 denotatio
812 4258 846 4312 ad
867 4273 975 4312 manum
1005 4263 1063 4311 erat
1084 4255 1188 4314 leniore
1216 4254 1336 4330 panthei·

265 4339 368 4414 starum
389 4350 499 4412 nominc
521 4363 658 4422 nunquam
679 4353 818 4426 appellari.
860 4353 960 4416 Verum
972 4356 1052 4418 otiam
1065 4374 1080 4415 a
1094 4357 1231 4434 prioribus
1246 4353 1344 4420 ambo,
