2930 4838
775 491 813 551 lu

245 676 310 741 post
331 665 608 740 undertheieigud
634 681 713 723 name
741 664 773 722 oi
796 663 930 724 Pentheos
952 663 962 722 l
982 659 1179 723 communicate
1204 671 1233 723 to
1254 681 1312 741 you

245 767 299 825 this
322 768 508 842 dapwithont
535 785 586 841 any
616 767 737 840 ‹lisguine
754 767 794 822 in>
820 767 903 824 order
929 775 957 824 to
986 768 1096 842 poblish
1125 769 1198 825 thom
1227 776 1255 825 to
1274 767 1310 824 all

245 871 292 927 the
310 869 427 926 world.“
469 870 596 938 Quamvis
620 869 675 926 ficti
704 869 784 940 hujus
814 869 888 942 quod
910 870 974 926 dicit
997 871 1116 927 nominis
1137 871 1177 926 vis
1199 871 1235 938 sit
1256 887 1317 927 amn

245 970 327 1044 higna
350 978 460 1028 comet
482 979 609 1026 novatum
637 977 663 1027 et
694 969 848 1026 simulatum
871 970 1023 1044 significare
1045 972 1132 1048 possit
1151 979 1182 1027 ut
1200 979 1308 1042 propte·

246 1089 292 1131 rea
308 1091 354 1130 ἐκ
377 1073 505 1129 his-non
534 1079 655 1145 emergat
684 1079 775 1128 utrum
805 1072 838 1128 ab
868 1073 921 1130 alio
951 1076 1085 1147 acceperit
1115 1091 1148 1130 an
1177 1073 1234 1146 ipse
1254 1071 1306 1127 sibi

247 1173 408 1240 coniecerit,
430 1181 519 1228 tamen
542 1179 655 1244 apparet
676 1172 836 1244 scriptorem
859 1172 917 1228 sine
938 1173 1059 1229 anfractu
1084 1191 1115 1230 se
1136 1175 1225 1246 ipsum
1243 1189 1308 1244 quo·

246 1287 300 1346 que
323 1272 457 1330 collocare
486 1272 512 1327 in
538 1273 717 1344 pontheorom
747 1273 896 1329 ordinibus.
934 1274 961 1330 -ll
989 1275 1142 1331 libellorum
1165 1283 1255 1331 autem
1277 1274 1312 1330 ad

245 1373 357 1430 lliherni
385 1389 492 1429 oausam
522 1373 723 1445 disceptandam
759 1377 922 1448 scriptorum
952 1377 1119 1433 multitudine
1151 1389 1221 1448 quae
1249 1375 1310 1431 exin

246 1475 320 1530 iores
344 1473 440 1530 emissa
464 1481 503 1530 est
526 1467 592 1528 non'
611 1474 752 1532 laudemus
778 1477 830 1532 nisi
853 1477 998 1536 Loescheri
1022 1479 1214 1552 praenoticncs
1234 1477 1310 1532 theo-

246 1561 348 1647 logicas
371 1584 464 1630 contra
484 1576 706 1633 Naturalistarum
725 1587 751 1634 ct
772 1579 958 1637 lunaticorum
979 1597 1058 1637 omne
1080 1597 1164 1652 genus
1185 1581 1310 1636 atheos

247 1676 345 1733 deletas
375 1677 592 1734 indillerentistas
621 1681 868 1754 antiscriptorarios
898 1692 947 1740 cet.
969 1683 1011 1738 ed.
1033 1683 1076 1736 lh.
1106 1681 1190 1737 Viteb.
1214 1679 1309 1735 1719.Ι

247 1780 298 1848 Qui
324 1779 393 1835 liber
421 1781 534 1837 maxime
562 1781 793 1840 Christianismum
827 1786 956 1858 mysterio
985 1791 1121 1858 expertem
1146 1799 1227 1854 quern
1252 1780 1308 1852 jam

246 1859 317 1938 atino
343 1879 423 1936 loun
447 1881 583 1937 lelandus
604 1882 692 1954 primo
724 1883 844 1938 ediderat
870 1899 1015 1954 aggressus
1044 1892 1093 1940 est.
1136 1883 1225 1937 Porro
1248 1879 1310 1953 Syr·

245 1967 307 2040 hius
328 1983 515 2057 philosophiae
536 1985 678 2057 professor
700 1984 824 2041 lenensis
846 1981 873 2038 in
896 1999 979 2056 opere
1002 1983 1036 2038 de
1054 1983 1183 2066 Atheismi
1204 1982 1311 2054 origine

246 2086 347 2157 scripio
367 2101 382 2141 e
402 2085 543 2142 Strabonis
566 2086 656 2142 verbis
678 2087 815 2144 contendit
837 2088 899 2161 cogi
912 2103 967 2142 non
980 2103 1061 2158 posse
1084 2085 1158 2158 qnod
1173 2083 1310 2140 'lelandus

246 2187 386 2259 collegerit
407 2203 468 2241 nam
497 2178 534 2243 cd
557 2183 710 2266 περιέχον
731 2177 820 2264 ἡμᾶς
839 2179 989 2258 ἅπαντας
1011 2180 1067 2252 καὶ
1087 2183 1146 2267 γῆν
1169 2179 1225 2245 καὶ
1246 2176 1313 2245 θά-

248 2283 369 2348 λατταν
405 2287 439 2344 ah
466 2288 525 2361 ipso
554 2291 656 2345 mundo
687 2285 895 2342 discernentium
930 2301 991 2336 esse
1019 2288 1090 2336 haud
1119 2301 1198 2337 secus
1228 2294 1310 2352 atque

247 2407 327 2447 ornne
358 2391 535 2446 continensa
564 2397 699 2444 contento.
749 2389 790 2443 hd
817 2386 870 2442 hoc
896 2401 912 2438 a
935 2381 1032 2438 Stoicis
1061 2381 1218 2453 saepissime
1245 2397 1307 2438 oon·

248 2491 325 2548 lundi
345 2490 461 2545 numinis
483 2487 629 2557 mundique
651 2485 776 2540 notiones
798 2492 828 2538 ot
849 2483 896 2555 qui
910 2482 1040 2537 mundum
1063 2481 1141 2538 deum
1163 2490 1309 2554 partesque

249 2593 343 2650 mundi
365 2593 431 2647 deos
454 2587 600 2668 appellent!
618 2595 645 2643 et
672 2601 767 2642 rursus
793 2585 873 2641 deum
902 2581 995 2638 muudi
1024 2581 1134 2637 nomine
1155 2590 1311 2653 nuncupent

249 2694 370 2768 quauuis
399 2693 457 2748 aliis
493 2689 560 2746 locis
588 2688 717 2744 mundum
748 2696 775 2744 et
801 2688 881 2744 deum
908 2685 1095 2743 disterminare
1122 2683 1312 2740 consueverint

246 2805 375 2866 tanquam
399 2805 498 2861 corpus
520 2796 546 2843 et
567 2787 690 2842 animam.
734 2787 826 2860 linquo
849 2787 955 2860 quaerit
982 2786 1092 2842 nomine
1113 2785 1183 2842 hanc
1205 2793 1311 2841 senten·

166 2888 168 2900 '
247 2895 311 2952 tiam
333 2889 477 2946 debeamus
497 2903 593 2943 vocare
607 2877 810 2958 ¹pantheismino
831 2905 864 2943 en
887 2886 1068 2959 Spinosisrnil
1159 2927 1161 2933 i

259 3015 262 3020 ·
348 2989 479 3044 vicesimo
501 2987 617 3058 denique
645 3005 714 3047 anno
738 2990 838 3046 saecoli
860 2989 947 3045 octavi
970 2987 1066 3044 decimi
1094 2985 1232 3043 biennium
1252 2997 1313 3044 ante

249 3089 352 3146 obitum
380 3102 459 3140 snum
487 3083 622 3142 'lelandus
650 3087 724 3144 lonas
755 3089 843 3145 emisit
867 3087 967 3143 librum
1000 3086 1075 3142 illum
1101 3085 1215 3142 manime
1247 3087 1313 3143 inla-

249 3187 319 3246 mem
343 3187 420 3258 cujus
442 3187 559 3244 hicnon
584 3198 692 3262 gravate
720 3191 813 3247 audies
840 3199 926 3246 toturn
952 3190 1075 3246 titulum:
1104 3189 1313 3247 Pantheisticon.

248 3291 314 3347 Sive
337 3288 462 3346 Formola
483 3289 661 3347 celebrandae
682 3292 840 3348 Sodalitatis
859 3292 1013 3348 Socraticae
1035 3292 1065 3346 ln
1087 3291 1153 3347 Tres
1166 3291 1313 3348 Particulas

249 3391 336 3448 divisa
363 3391 438 3458 Quae
468 3389 683 3446 Pantheistarnm
711 3391 767 3448 sive
797 3392 936 3453 Sodalium
968 3393 1112 3448 Continent
1137 3393 1149 3446 l
1170 3391 1261 3446 liores
1287 3399 1315 3446 et

217 3471 226 3488 ⁸
248 3495 386 3550 hniomata
408 3492 429 3548 ll
450 3493 555 3549 Numen
576 3500 604 3547 et
623 3493 824 3567 Philosophiam
845 3495 880 3550 lll
909 3494 1069 3550 Libertatem
1094 3501 1121 3548 ct
1147 3507 1203 3546 non
1224 3491 1315 3548 iallcn·

251 3603 305 3652 tem
335 3593 434 3664 Legem
463 3609 551 3664 neque
576 3591 732 3650 fallendam
766 3593 962 3654 ·‚rraemiuttur
989 3591 1022 3648 de
1044 3591 1161 3662 euticetis
1183 3599 1209 3646 et
1231 3590 1313 3645 Nouis

248 3695 426 3766 ·Eruditorum
448 3692 640 3768 Sodatiutibos
662 3693 695 3750 Ut
717 3695 790 3752 etde
810 3695 940 3751 Universo
964 3694 1112 3750 infinitoet
1132 3699 1242 3750 aeterno
1257 3692 1314 3750 hia·

252 3798 331 3856 triba.
376 3793 524 3865 Suhjioitor
544 3795 582 3850 he
603 3795 703 3868 duplici
732 3797 958 3854 Pentheistarnm.
976 3795 1151 3868 Philosophia
1178 3775 1315 3868 sequenda

253 3902 292 3956 ho
306 3899 340 3954 de
351 3895 514 3968 *virtoptini
529 3903 555 3952 et
568 3898 733 3955 ornatissimi
747 3899 807 3956 idea
820 3898 1066 3958 Dissertariuneuta.
1097 3896 1219 3972 [English
1230 3905 1313 3951 trans·

254 4002 336 4058 lution
348 3997 451 4072 1751}
472 3997 552 4054 Urbis
568 3999 739 4074 cosmopolis
756 4001 945 4058 adumbratum
960 4017 1059 4081 nomen
1073 3999 1241 4073 suppositum
1257 4000 1313 4059 ests

255 4102 375 4159 continet
398 4083 462 4157 vero
484 4107 593 4174 praeter
614 4104 808 4175 praelationem
829 4099 864 4181 (4
878 4097 937 4179 pp.)
962 4101 1001 4159 89
1023 4101 1134 4174 paginas
1156 4093 1316 4160 octonarius.

255 4205 426 4277 Gumpauca
448 4211 551 4262 tantum
572 4205 733 4278 exemplaria
752 4205 822 4278 typis
851 4205 969 4278 excripte
986 4202 1054 4268 sint,
1083 4213 1195 4272 perraro
1218 4193 1317 4253 nostris

247 4305 431 4380 temporibus
447 4306 613 4380 deprehendi
633 4307 733 4366 librum
757 4308 835 4366 illum
855 4323 935 4366 nenio
956 4302 1140 4364 admirabitur.
1161 4347 1165 4356 .
1184 4291 1250 4368 Quo
1265 4311 1318 4352 me·

246 4407 299 4481 ¹g'is
317 4417 343 4482 et
357 4421 417 4466 urm
433 4425 502 4484 quae
517 4411 739 4472 Thorschmidtus
756 4412 963 4484 citauitparum
979 4414 1106 4467 accurata
1116 4405 1221 4464 sicces
1228 4399 1319 4458 libello
1376 4405 1379 4414 '
