2930 4838
242 627 350 694 mptum
364 629 414 680 est.
459 621 559 682 Verum
586 625 615 680 ie
636 623 770 682 librorum
784 623 838 682 huc
860 623 1051 699 pertinentium
1067 629 1134 686 silva
1154 631 1315 694 densissima

242 723 352 797 paulum
373 725 521 800 spatiemur
542 727 591 784 sed
613 726 728 784 vitantes
750 727 923 786 deverticula.
1095 725 1102 738 ”

345 825 435 885 Edidit
461 828 597 886 l'olandus
635 845 707 886 aeno
740 828 821 887 1709
859 829 1063 887 dissertationes
1098 830 1165 890 duas
1199 851 1316 906 quarem

243 925 322 998 prior
341 927 471 1002 inscripta
491 937 547 986 esta
568 929 794 999 „Adcisidaemoe
815 929 871 986 sive
890 929 964 985 Titus
977 929 1066 986 Livius
1087 931 1315 1004 aSuperstitione

244 1025 414 1084 vindicatus“
442 1029 470 1086 in
501 1047 554 1104 qua
574 1031 673 1088 (leradi
693 1032 784 1088 Vossii
805 1031 965 1087 sententiam
986 1031 1014 1087 in
1034 1032 1098 1089 libri
1113 1019 1151 1094 ‚de
1172 1033 1313 1091 historicis

244 1129 345 1186 Latinis
375 1133 522 1206 conscripti
559 1135 645 1206 capite
672 1151 747 1190 nono
780 1133 884 1190 decimo
910 1132 1042 1206 prolatam
1075 1134 1312 1208 „qualemcunque

244 1229 368 1289 Numinis
391 1233 496 1292 Cultum
526 1236 665 1292 Atheismo
695 1243 822 1309 oportere
849 1233 1012 1308 praeferre“
1041 1235 1198 1308 aggreditur
1225 1253 1251 1308 p.
1273 1235 1314 1293 86

245 1349 307 1406 sqq.
328 1333 429 1407 etjam
447 1337 482 1407 lin
506 1337 621 1410 epistola
648 1353 718 1410 quae
744 1335 920 1410 praelationis
946 1336 1019 1392 vices
1047 1336 1153 1410 supplet
1173 1337 1316 1409 profitetur

245 1436 332 1510 magis
353 1439 460 1494 noxiam
482 1437 656 1512 Reipublicae
678 1455 708 1494 se
731 1453 843 1495 censere
865 1437 1092 1510 Superstitionem
1114 1455 1194 1510 quam
1212 1437 1315 1493 Atheis·

245 1553 329 1594 mure.
372 1542 497 1598 Aeneiae
519 1551 582 1600 sunt
603 1540 821 1600 Adaisidaemoni
844 1540 993 1614 „Origines
1014 1540 1141 1595 iudaicae
1164 1541 1220 1595 sive
1244 1539 1315 1594 Stra·

245 1639 327 1696 honis
350 1640 383 1697 tle
403 1641 495 1716 Moyse
524 1651 551 1700 et
572 1643 711 1716 Religipne
732 1641 844 1698 ludaica
863 1642 982 1698 Historia
1007 1639 1124 1696 breviter
1149 1639 1289 1695 illustrata.
1299 1643 1316 1670 ‘⁶

245 1743 378 1818 Exemplis
401 1747 502 1806 ibidem
522 1749 646 1806 versibus
667 1747 805 1806 nonnullis
822 1747 923 1803 hlanilii
944 1745 1025 1814 „talia
1047 1743 1138 1800 mille“
1160 1744 1248 1816 inquit
1269 1743 1316 1811 „in

246 1842 358 1900 Patrem
381 1841 465 1918 (quos
479 1849 589 1922 vocant)
610 1848 738 1904 Veterum
760 1847 868 1920 seriptis
890 1844 1063 1917 deprehendi,
1085 1843 1230 1914 praecipue
1251 1858 1316 1898 vero

249 1945 278 2001 in
303 1945 513 2020 Praeparatione
541 1957 567 2007 et
589 1949 823 2006 demonstratione
846 1944 1004 2016 Evangelica
1024 1941 1133 1997 Eusehii
1159 1942 1206 2012 qui
1226 1940 1316 1996 Philo·

248 2047 399 2118 sophorum
420 2057 446 2107 et
467 2050 612 2108 Poetarum
634 2051 695 2109 loca
716 2053 750 2109 de
770 2049 871 2108 mundo
894 2045 1073 2102 Panthcistico
1094 2059 1145 2116 pro
1171 2043 1214 2098 dei
1236 2041 1317 2098 unius

249 2147 389 2204 existentia
418 2158 464 2206 aut
494 2153 661 2224 perfectione
695 2155 812 2222 allegare
848 2149 935 2207 ubivis
964 2149 1057 2206 solet“
1091 2163 1118 2220 p.
1149 2145 1219 2202 108.
1247 2144 1317 2201 tue.

164 2309 168 2320 ,
220 2237 223 2242 ‘
249 2243 319 2312 Quid
345 2250 532 2306 veremundo
562 2250 608 2306 illo
638 2247 815 2324 pantheistioo
838 2245 991 2312 significare
1015 2247 1078 2297 velit
1105 2247 1264 2314 intelligitur
1286 2261 1318 2299 ex

247 2345 310 2402 loco
329 2349 487 2420 gravissimo
510 2369 536 2422 p.
563 2350 708 2405 117-19
734 2361 815 2419 quere
836 2342 880 2398 hic
901 2339 974 2412 legas
997 2339 1165 2413 appositum:
1188 2342 1317 2408 „llosem
1367 2413 1373 2421 Ι

248 2450 334 2509 luisse
356 2453 536 2510 Pantheistam
565 2451 620 2506 sive
643 2457 674 2503 ut
702 2463 763 2502 curn
793 2442 991 2500 recentioribus
1019 2445 1117 2518 loquar
1139 2446 1318 2518 Spinosistam

248 2552 435 2610 incunctanter
466 2551 581 2608 affirmat
608 2549 636 2604 in
662 2548 713 2604 isto
744 2546 806 2602 loeo
835 2543 932 2602 Strabo
942 2549 959 2576 “
995 2544 1029 2621 [l.
1057 2546 1120 2602 llVl.
1151 2549 1169 2604 2
1200 2548 1318 2603 'l'auchn

249 2641 302 2732 εἴη
323 2645 385 2732 γὰρ
410 2640 444 2711 ἓν
464 2647 561 2710 τοῦτο
582 2639 686 2726 μόνον
705 2639 788 2720 θεὸς
810 2639 848 2707 τὸ
880 2639 1034 2730 περιέχον
1057 2636 1146 2729 ἡμᾶς
1169 2637 1320 2720 ἅπαντας

249 2746 307 2812 καὶ
332 2748 392 2832 γῆν
418 2744 475 2812 καὶ
503 2743 677 2812 θάλατταν
699 2737 719 2813 ii
745 2745 910 2828 καλοῦμεν
939 2737 1090 2834 οὐρανὸν
1109 2743 1166 2810 καὶ
1195 2741 1319 2826 κόσμον

250 2846 307 2912 καὶ
327 2843 386 2934 τὴν
406 2851 471 2913 τῶν
494 2839 596 2914 ὄντων
619 2845 754 2939 φύσιν]ε
784 2872 874 2926 „eum
896 2869 1013 2928 namque
1042 2851 1148 2909 exhibet
1178 2853 1320 2907 docentem

249 2956 354 3012 nullum
376 2957 434 3014 dari
454 2959 560 3016 Numen
582 2977 597 3016 a
618 2962 730 3018 materia
751 2969 778 3017 et
799 2973 930 3030 compage
950 2954 1044 3012 mundi
1062 2953 1143 3023 hujus
1165 2951 1320 3006 distinctum

249 3057 392 3132 ipsamque
416 3060 545 3118 Naturam
574 3063 630 3118 sive
661 3079 752 3141 rerum
774 3057 978 3116 Universitetem
1000 3053 1109 3128 unicum
1131 3069 1192 3108 essa
1220 3060 1247 3108 et
1275 3069 1318 3108 su-

115 3183 139 3192 ·
250 3175 374 3231 premam
392 3160 475 3218 [laum
505 3163 582 3234 cujus
611 3171 701 3234 partes
725 3158 843 3232 singulas
869 3155 1011 3210 Creaturas
1040 3151 1113 3207 dicas
1136 3159 1162 3208 et
1189 3159 1274 3208 toturn
1295 3151 1319 3207 si

249 3258 317 3314 velis
340 3261 510 3318 Creatorem:
532 3261 821 3329 „‚,Omniumautcm
841 3255 983 3309 rerum““
1010 3251 1112 3325 (inquit
1136 3252 1245 3326 Cicero)
1274 3250 1319 3326 [de

251 3369 305 3419 nat.
319 3361 394 3421 deor.
409 3363 439 3418 ll.
457 3360 508 3436 34]
531 3375 650 3431 „‚,quaa
664 3359 765 3413 Natura
782 3353 1003 3412 administrantur
1017 3354 1170 3412 Seminator
1191 3361 1218 3407 et
1239 3351 1319 3408 Sator

252 3473 280 3520 et
294 3465 395 3520 Parens
418 3474 448 3521 ut
468 3465 506 3520 ita
526 3462 612 3518 dicam
635 3459 858 3532 atqnelidncator
881 3455 976 3530 [addet
999 3463 1025 3512 et
1047 3453 1127 3528 altor]
1146 3462 1187 3510 est
1203 3454 1318 3512 llundus

252 3563 396 3634 omniaque
416 3565 486 3618 sicut
506 3560 627 3617 mamhra
655 3569 681 3617 et
708 3568 799 3632 partes
822 3573 885 3614 suas
906 3557 1058 3613 nutricatur
1083 3564 1109 3612 et
1140 3557 1317 3615 continet““.

182 3647 189 3656 ’
251 3662 324 3718 llaec
344 3670 385 3717 cst
408 3661 540 3716 hodierna
568 3661 757 3717 Litteratorum
778 3660 931 3720 Sineesium
955 3659 1126 3732 aliorumque
1145 3659 1320 3718 Orientalium

250 3760 425 3832 Philosophia
454 3739 480 3816 et
501 3777 516 3818 a
538 3778 618 3835 quam
641 3763 765 3836 plurimis
786 3763 864 3840 ⁸inter
886 3761 1004 3818 Graecos
1026 3761 1151 3835 antiquos
1179 3770 1206 3820 et
1225 3763 1319 3821 Roma·

251 3879 303 3918 nos
325 3870 473 3937 propagata
493 3865 541 3923 sed
564 3884 580 3923 a
601 3867 708 3924 nemine
722 3867 880 3924 Latinorum
901 3865 1010 3922 brevius
1030 3875 1056 3923 et
1077 3867 1176 3924 clarius
1192 3879 1317 3939 expressa

251 3981 332 4038 quam
354 3966 505 4026 aPacnrio
532 3978 612 4044 poeta
641 3970 718 4043 cujus
742 3987 853 4028 aureum
884 3969 956 4043 apud
979 3969 1135 4046 Ciceronem
1163 3967 1207 4042 [de
1225 3966 1276 4022 div.
1298 3964 1316 4022 l.

207 4143 212 4150 .
253 4063 314 4144 57.]
336 4067 435 4144 legiter
457 4071 661 4146 Fragmentum:
692 4073 825 4148 Quicquid
847 4081 888 4130 est
911 4072 968 4128 lloc
989 4071 1077 4128 omnia
1100 4069 1199 4124 animat
1221 4068 1319 4126 torreat

251 4163 298 4229 alit
322 4182 402 4246 auget
429 4183 503 4232 creat
542 4169 548 4257 Ι
591 4175 693 4250 Sepelit
714 4176 864 4249 recipitque
895 4174 923 4229 in
950 4190 1010 4230 sese
1033 4170 1122 4229 omnia
1144 4169 1318 4240 omniumque

252 4276 322 4335 idem
354 4285 395 4336 est
425 4277 505 4336 Pater
548 4275 554 4361 Ι
597 4279 774 4354 ledirlemque
804 4277 898 4336 eadere
933 4291 1003 4350 quae
1039 4273 1124 4351 [leger
1159 4267 1317 4344 eademqne]

252 4381 377 4442 oriuntur
406 4379 439 4442 de
466 4381 572 4461 integro
602 4391 683 4460 atque
704 4381 801 4444 eodem
825 4377 987 4439 occidunt.“
1036 4373 1194 4450 improbare
1213 4371 1319 4432 ridemr
