2930 4838
760 437 797 524 re

250 631 563 709 lleu'geniveclmllesig
584 627 777 688 verbuntlenet'r
800 627 970 688 Suhalanzen
999 638 1063 690 stall
1091 631 1142 692 tler
1166 633 1323 701 Caussalab·
1436 593 1440 700 l

254 737 409 812 hangiglrcit
430 741 484 793 vo'n
505 735 581 798 einer
605 735 632 790 in
662 733 705 789 tlie
722 732 855 790 luivirena
882 733 908 788 in
931 733 1007 790 einer
1035 735 1237 800 vermandelten
1261 738 1326 798 wel.

252 842 318 900 cher
341 841 451 914 Syrtetn
469 839 500 894 in.
515 838 564 894 cler
586 835 669 910 tolga
691 852 745 893 vnn
767 834 859 892 Seiten
878 835 929 891 der
945 836 1138 896 lnhtrirentlen
1159 839 1328 900 waltwesen

254 942 407 1002 hetraohlet
432 941 471 1000 als
496 931 666 1006 ra‘nrhcism,
702 941 760 994 von'
784 935 876 994 Seitcn
914 937 961 994 des
1001 940 1082 998 allelu
1109 941 1325 1000 snbsietirentleu

254 1044 380 1117 Subiecta
403 1043 442 1100 alr
464 1043 608 1099 llruerens
631 1039 801 1114 (splterhin)
823 1038 863 1096 alr
877 1039 1039 1112 spiraciam,
1061 1042 1133 1099 nicht
1153 1043 1259 1100 sowohl
1279 1044 1324 1100 die

250 1149 340 1222 *Frage
360 1163 422 1202 votn
444 1153 536 1202 ersten
552 1141 662 1200 Grunde
686 1141 735 1198 der
748 1140 1006 1216 chckmtrsigleit
1027 1144 1076 1200 der
1089 1143 1175 1200 Nalm·
1195 1142 1323 1202 annosae

253 1250 294 1308 ala
316 1251 357 1307 oie
369 1237 508 1306 'vie'lmohr
529 1245 573 1302 ttlr
591 1243 693 1318 nichtig
714 1243 832 1300 erlltrtc
853 1284 860 1299 .
884 1285 890 1300 .
914 1275 981 1302 .-

311 1353 316 1360 ’
357 1349 556 1408 Personalismo
591 1345 720 1420 opposuit
756 1345 954 1418 pantheismum
990 1328 1254 1404 Schleiermacheme
1295 1347 1332 1404 itt

243 1451 423 1521 ‚orationibus
444 1450 480 1506 tle
501 1447 633 1521 religione
653 1445 761 1519 scriptis
787 1445 877 1502 1799.
900 1447 942 1504 ed.
966 1443 994 1504 5.
1011 1447 1101 1506 184³.
1123 1466 1149 1522 p.
1166 1447 1239 1508 259.
1257 1446 1320 1507 269

185 1566 189 1574 ”
247 1554 310 1630 upn'o
325 1553 396 1610 libro
411 1550 572 1624 praesertim
590 1565 651 1606 cum
664 1548 813 1606 sententiae
835 1548 863 1604 in
884 1565 917 1606 eo
940 1549 1111 1609 inveniantur
1131 1551 1228 1624 qualia¹
1243 1552 1332 1606 hacce*

254 1673 290 1713 so
304 1657 340 1710 ist
360 1653 400 1709 sie
422 1648 541 1727 [religio]
560 1650 604 1707 ein
617 1647 709 1706 leben
731 1648 760 1704 iu
782 1647 832 1706 der
852 1650 1132 1722 unendlichennhatur
1145 1651 1194 1706 des
1208 1664 1326 1721 ganzeu,v
1439 1635 1440 1652 ¹

255 1759 293 1814 im
316 1756 395 1813 einen
415 1754 469 1810 und
489 1753 580 1822 allen,
611 1751 640 1808 in
658 1749 738 1820 Gott,
765 1749 874 1809 habenti
895 1751 952 1810 und
971 1750 1101 1822 heeizenl
1121 1749 1187 1806 elles
1209 1747 1237 1804 in
1258 1747 1323 1806 Gott

253 1857 311 1917 und
324 1857 388 1913 Gott
402 1856 430 1912 in
444 1854 523 1913 allent
538 1853 557 1910 1.
572 1870 594 1912 o.
609 1869 636 1925 p.
649 1851 700 1906 43.
721 1851 780 1922 ipse
794 1850 847 1904 sihi
870 1853 978 1923 collegit
1002 1823 1103 1910 crimen
1124 1847 1311 1924 pantheismi..

358 1957 471 2016 he'viora
496 1954 627 2030 quaedam
652 1959 683 2007 ut
709 1965 779 2024 quae
806 1957 901 2006 auctor
921 1951 999 2007 libri:
1026 1952 1207 2008 Acteustltoke
1228 1953 1257 2006 in
1275 1950 1326 2006 der

255 2060 342 2120 Sache
371 2057 617 2118 desilichterchcn
640 2053 897 2113 thaumastum
926 2054 984 2114 init.
1009 2055 1087 2129 epist.
1109 2054 1153 2111 111.
1180 2061 1207 2111 et
1233 2051 1323 2127 p.·83

254 2165 343 2222 atmlit
364 2161 607 2238 praetermittentes·
627 2159 661 2213 ad
676 2159 766 2228 ipsum
779 2143 911 2218 Fichtium
929 2160 1096 2220 accedamus.
1138 2157 1190 2216 llic
1201 2153 1326 2214 atheismi

254 2267 369 2326 crimine
397 2261 478 2336 vulgo
508 2255 688 2316 infamabatur
715 2270 747 2310 ac
776 2269 865 2324 neque
894 2263 921 2310 in
946 2277 1045 2313 causae
1072 2276 1138 2316 suae
1165 2257 1326 2318 defensioue

254 2367 317 2425 enni
340 2365 460 2438 quinque
481 2361 540 2433 ejua'
562 2355 747 2433 appendiculis
771 2353 852 2412 1799
873 2353 906 2410 de
926 2351 1094 2424 panthcismo
1116 2367 1230 2422 usquam
1250 2365 1323 2406 men·

185 2480 187 2482 ’
255 2470 358 2530 tionem
382 2465 445 2524 lacit
466 2470 493 2522 et
515 2461 626 2518 omnino
649 2457 722 2513 haud
737 2457 800 2514 ,scio
829 2471 872 2536 an
893 2467 950 2508 non
971 2450 1141 2508 inveniantur
1161 2449 1217 2506 ulla
1236 2447 1324 2520 philos

256 2570 336 2646 sophi
362 2569 443 2642 hujus
463 2564 547 2624 v'erhn
577 2564 611 2622 de
632 2561 743 2619 notione
764 2553 933 2632 panthcismi.
976 2553 1032 2610 Nec
1054 2569 1109 2613 non
1132 2559 1209 2610 erant
1230 2550 1325 2624 quiet

255 2650 435 2750 pantheirtam
463 2685 525 2726 eum
544 2665 717 2741 appellarem.
782 2658 866 2731 lagae
894 2657 965 2715 euim
991 2656 1027 2712 ¹in
1052 2651 1192 2710 Ammonis
1221 2662 1327 2706 summa

258 2775 411 2848 theologiae
439 2769 600 2828 christianae
625 2755 824 2840 paragraphum
842 2759 882 2818 36
906 2777 994 2834 qnam.
1016 2757 1093 2815 alteri
1122 2753 1234 2812 editioni
1262 2749 1326 2809 anni

260 2875 343 2936 1999
365 2873 480 2932 inseruit
502 2871 550 2946 (ct.
572 2867 657 2945 praet.
678 2883 718 2940 p..
727 2860 785 2942 IV.)
829 2863 985 2932 „lthcismo
1008 2860 1124 2918 adfinis“
1152 2856 1230 2928 (non
1246 2855 1329 2928 igitur

259 2978 331 3036 illius
359 2977 464 3050 speeies
492 2969 661 3044 nominatur)
702 2966 911 3042 „pantheismus
933 2979 987 3037 quo
1009 2959 1175 3018 mundum
1203 2955 1244 3012 atl
1273 2956 1327 3028 ip-

259 3093 332 3135 ram
356 3077 416 3134 llci
448 3071 614 3132 naturam
642 3069 830 3145 pertinere
852 3066 991 3124 enmilnr.
1015 3105 1051 3121 ..
1109 3059 1328 3132 Distinguimus‘l

259 3177 356 3255 (qnam
386 3175 585 3236 distinctionem
609 3189 674 3230 sane
702 3172 730 3228 in
759 3170 837 3228 lihris
858 3169 1002 3242 superiore
1023 3174 1147 3237 tempore
1170 3160 1249 3218 edilis
1271 3173 1329 3214 non

260 3276 424 3354 invenimus)
452 3273 676 3349 „pantheismum
700 3269 849 3328 naturalem
879 3284 934 3342 quo
962 3255 1042 3346 ὅλην
1071 3261 1200 3320 infinitam
1219 3259 1266 3316 ltei
1286 3274 1328 3316 ea·

260 3379 373 3440 rentiam
391 3387 453 3437 erse
474 3377 609 3444 rtalnitur,
629 3373 750 3431 Stoicum
771 3372 818 3446 qni
840 3370 970 3428 mnndum
986 3365 1084 3424 animal
1103 3380 1164 3421 esse
1186 3362 1266 3419 docet
1285 3374 1328 3414 cn·

258 3478 388 3555 inopere
410 3468 575 3558 πλαστικὴ
599 3475 668 3533 neus
697 3474 746 3542 sit,
774 3472 948 3530 [lualisticum
975 3469 1018 3526 vel
1039 3463 1328 3544 Spinozisticumuuo

261 3579 378 3640 huminis
399 3589 522 3648 naturam
536 3577 648 3636 infinita
675 3575 831 3634 extensione
860 3583 887 3630 et
905 3573 935 3628 ¹vi
957 3569 1092 3644 cogitandi
1118 3562 1223 3622 absolvi
1242 3541 1329 3618 euirti·

260 3679 349 3742 matur
371 3693 399 3742 et
419 3679 627 3758 panlogistict'rm
647 3681 695 3754 qui
710 3678 807 3736 'omnia
829 3693 899 3752 quae
921 3682 985 3730 suut
1005 3671 1039 3730 ab
1062 3669 1122 3726 idea
1138 3668 1255 3722 hurum
1268 3677 1329 3736 pro·

261 3781 345 3845 ficis-ci
367 3786 448 3844 docet
477 3791 504 3842 et
525 3783 689 3842 creationem
715 3779 834 3838 universi
863 3779 934 3835 inter
957 3782 1133 3848 aegrotorum
1158 3767 1264 3826 somnia
1291 3759 1331 3821 rea
1439 3775 1440 3804 l

253 3891 349 3950 ‘teror‘
404 3889 445 3946 td
473 3889 546 3946 hune
576 3885 666 3944 locum
695 3893 863 3958 postremum
891 3879 1006 3954 paginae
1038 3882 1167 3932 notantur
1194 3888 1210 3929 e
1238 3861 1350 3926 111111ἰὶΧ
1439 3853 1440 3860 '

264 3989 381 4049 Grande.
399 3987 447 4046 des
468 3986 570 4046 heitalt.
592 3984 804 4056 et-hnvveisung
824 3995 885 4038 zum
911 3979 959 4036 tel.
981 3976 1081 4034 Lehen.
1124 3973 1243 4044 lienique
1263 3976 1329 4020 vem

139 4117 165 4132 *¹
263 4097 355 4150 censet
373 4087 590 4164 „pantheismum
603 4085 724 4162 quemvis
748 4081 945 4140 intolerabilem
958 4076 1140 4150 arrogantiam
1155 4071 1257 4135 lovere,
1276 4080 1331 4122 ma·
1439 4109 1440 4140 p

262 4191 409 4250 terialismo
424 4190 597 4268 patrocinari,
614 4189 765 4260 libertatem
775 4183 906 4242 moralem
921 4180 1026 4248 tollere,
1041 4172 1160 4234 numinis
1169 4169 1332 4244 cautelitatem

263 4297 382 4354 omniunt
400 4297 549 4355 facinorum
569 4301 596 4351 el
612 4289 817 4349 malefactorum
831 4283 941 4342 iufamia
953 4281 1084 4356 polluere
1093 4265 1335 4348 omnesqueolticii

256 4395 342 4476 a'llql'tn
363 4398 469 4462 virtutis
485 4403 603 4471 nervos)
616 4392 734 4454 inmari
755 4389 881 4450 sataliam
894 4409 897 4416 ⁴
909 4386 999 4445 lusum
1026 4379 1172 4442 resolvere.
1185 4377 1204 4410 “
1247 4369 1334 4430 Scuta
