2930 4838
764 452 806 516 '8⁰

256 633 402 712 significari
418 624 621 706 quodammodo
632 612 875 702 vocabulorttipti
890 621 1202 700 numerusnumerous(
1212 623 1322 686 Seiron
1401 597 1420 642 ε

256 729 611 813 germanioaAllesgotterei
633 743 686 801 qua
700 724 817 814 Hegelns
840 721 857 778 l.
881 740 905 780 e.
919 724 953 780 ad
975 725 1045 781 hane
1066 725 1217 784 doctrinam
1240 729 1323 788 oeno-

255 816 364 898 tantinm
377 851 444 892 usus
459 841 501 891 est
512 832 547 890 ab
561 826 818 902 Allgtittereinihilo
832 825 893 898 plus
909 824 1246 902 'novemtiisouepat'qpam
1261 849 1325 904 pao.

255 937 393 1000 totheismi
407 949 507 992 nomen
522 949 537 988 a
552 929 722 1004 pantheismi.
753 924 847 998 Nerine
861 925 932 981 enim
952 925 1063 982 nonina
1075 927 1142 984 haee
1154 928 1260 1002 Graeca
1274 932 1325 990 dio.

255 1040 435 1117 pertimeant
465 1041 496 1090 ut
522 1037 596 1105 patet
628 1026 791 1102 comparatis
819 1025 914 1080 formis
935 1016 1113 1096 παναίτιος
1135 1036 1170 1086 et.
1184 1046 1325 1090 παντω-

254 1131 322 1212 oiot,
341 1129 518 1216 ’πανάρχων
532 1121 769 1208 ειπάνταρχος,
784 1121 985 1203 παγγενέτης
998 1131 1024 1183 et
1038 1116 1244 1205 movsopo'nog
1258 1146 1322 1204 qnae
1410 1124 1414 1193 Ι

256 1241 348 1300 omnia
368 1235 501 1295 rambula
522 1233 587 1290 hina
617 1229 692 1303 quod
721 1228 753 1284 ad
777 1226 884 1300 priores
907 1231 1003 1282 eoru'rn
1025 1234 1116 1300 partes
1138 1229 1233 1287 attinet
1253 1231 1321 1291 idem

254 1337 382 1406 videntur
399 1337 507 1401 sonare,
551 1333 752 1394 Panentheismi
773 1347 873 1388 nomen
895 1338 984 1386 autern
1007 1328 1055 1402 (ai.
1073 1331 1159 1405 Krugi
1181 1333 1231 1390 lea.
1247 1336 1274 1392 t.
1293 1337 1319 1396 2.

255 1465 283 1523 p.
316 1445 381 1504 114
406 1451 433 1500 et
457 1439 596 1498 Schwarzi
612 1436 724 1492 ‘tibrum
754 1435 802 1490 alas
832 1433 934 1490 Wesen
962 1419 1163 1503 derReiigiun
1193 1435 1269 1494 1847
1291 1453 1323 1512 p„

258 1543 336 1622 168)
359 1545 418 1603 sola
433 1559 465 1601 ea
484 1542 589 1599 ratione
611 1547 642 1601 ut
663 1531 732 1596 πᾶν
754 1535 828 1608 quod
850 1535 877 1591 in
898 1551 931 1591 eo
951 1535 1021 1592 inest
1043 1531 1111 1594 πᾶν
1132 1527 1266 1596 ἕκαστον
1287 1539 1321 1594 si-

256 1649 366 1727 gnificet
378 1645 499 1704 ’concedi
519 1650 610 1718 potest
629 1641 679 1697 sed
701 1637 951 1696 monstruosissima
973 1645 1046 1694 esset
1067 1637 1220 1710 compositio
1241 1639 1266 1692 si
1286 1640 1320 1696 ad

256 1743 391 1828 σύμπάν
421 1755 448 1804 at
476 1727 567 1805 ἅπάν
594 1744 752 1800 referretur.
794 1740 864 1796 Nam
891 1748 1018 1798 conatum
1048 1748 1074 1797 et
1100 1741 1248 1800 universum
1268 1755 1317 1822 per
1415 1423 1424 1851 i

256 1863 288 1914 se
311 1859 461 1926 spectatum
482 1848 556 1922 quod
576 1846 604 1901 iu
626 1845 682 1900 alio
701 1851 773 1899 esset
794 1859 810 1898 a
829 1845 862 1898 'se
883 1841 971 1914 ipsum
987 1841 1157 1900 descisseret.
1199 1841 1322 1916 Comum
1421 1900 1423 1915 Ι

257 1957 282 2014 si
310 1955 370 2029 quis
400 1949 510 2025 objiciat
539 1949 635 2005 deesse
665 1945 804 2002 doetrinae
819 1943 894 1998 truie
915 1949 996 2016 quarn
1014 1943 1325 2028 'panheoastotheisnrnm
1402 1996 1407 2002 ,

256 2055 454 2114 nominavimus
468 2047 628 2110 sententiam
645 2049 717 2106 ittam
745 2047 857 2121 proprie
885 2048 1088 2118 pantheistioam
1108 2047 1136 2102 in
1158 2063 1191 2104 eo
1211 2045 1327 2119 positam

255 2165 288 2214 nt
302 2157 369 2212 nihil
384 2157 418 2211 sit
433 2163 507 2211 extra
521 2128 602 2210 deum
617 2182 659 2199 υ-
674 2150 893 2223 respondendum
910 2157 951 2206 est
972 2150 1081 2206 minime
1102 2149 1176 2206 aliud
1196 2150 1262 2222 quid
1283 2167 1324 2207 ea·

201 2265 206 2273 '
256 2268 299 2318 tra
321 2257 401 2315 deum
423 2256 468 2313 hio
492 2254 608 2312 inveniri
632 2253 685 2309 nisi
712 2253 793 2309 deum
821 2253 919 2325 ipsum.
961 2240 1026 2307 'Sed‘
1042 2260 1083 2308 est
1105 2255 1180 2308 'sane
1207 2253 1325 2326 panthei·

257 2353 332 2418 smus
351 2357 396 2414 hio
410 2351 626 2414 monotheismus
641 2355 751 2428 quidam
769 2355 817 2426 qui
838 2355 909 2410 idern
931 2352 959 2407 in
980 2353 1153 2426 polytheismi
1168 2355 1324 2430 partenente

257 2471 343 2536 quare
361 2461 452 2517 minus
475 2459 701 2532 philosophorum
724 2473 805 2530 quam
825 2465 968 2539 poetarum
990 2455 1184 2516 videturesse.
1227 2459 1325 2515 italie.-
1365 2512 1370 2520 ¹
1421 2396 1426 2499 i

257 2579 344 2620 navus
358 2562 405 2635 qui
427 2557 559 2618 dementia
581 2561 719 2634 praeditus
740 2567 845 2616 mature
860 2557 928 2614 obiit
950 2557 978 2612 in
1005 2558 1324 2648 §memineramus
1424 2602 1428 2667 ι

256 2681 335 2723 sacra
352 2664 409 2720 'illa
436 2665 464 2720 iu
492 2663 624 2720 nataliciis
647 2663 744 2719 Christi
768 2659 875 2717 habita:
909 2661 1092 2734 „Allgtittlert
1119 2677 1194 2716 eures
1225 2657 1318 2716 Gottes
1426 2670 1428 2681 '

257 2766 367 2824 Gli'eder
387 2765 474 2822 stroiit
497 2766 556 2824 hier
576 2783 640 2822 vom
660 2767 744 2820 Banna
766 2763 1039 2832 der-Winterstnrrn3
1054 2765 1122 2820 rdort
1143 2763 1254 2818 saniesst
1269 2763 1339 2842 atou-
1426 2774 1429 2811 t

257 2865 321 2922 Gott
345 2865 389 2922 ein
410 2865 491 2938 th'er
512 2865 624 2933 nieder3
652 2865 713 2921 hier
729 2870 794 2936 negt
814 2879 845 2919 er
867 2862 958 2919 selben
979 2865 1037 2920 sich
1059 2865 1098 2920 als
1119 2863 1254 2920 Wurm.“⁴
1284 2863 1325 2918 (11.

257 2966 554 3044 quomodo-Spinozae
576 2943 726 3024 domninam
748 2965 817 3022 risui
833 2981 973 3038 exponere
992 2965 1082 3023 studet
1103 2965 1218 3040 Baptins.
1316 2985 1327 3010 ,-

358 3117 463 3198 Forma
477 3134 543 3174 vero
566 3117 727 3192 pantheismi
745 3115 826 3190 hujus
856 3116 902 3189 qui
929 3115 1008 3190 plura
1029 3117 1158 3198 quaedam
1181 3135 1241 3174 esse
1263 3103 1329 3173 eoir-
1432 3134 1435 3175 t

257 3221 329 3304 pedit
349 3228 465 3293 utraque
488 3237 568 3293 quarn
597 3221 782 3278 enarravimus
806 3219 829 3274 si
850 3219 1024 3292 conjungitur
1047 3237 1078 3276 ea
1100 3220 1218 3302 nascitur
1240 3237 1331 3294 rouv-

255 3311 314 3397 τὸς
343 3319 419 3375 notio
451 3335 520 3392 quae
548 3319 699 3392 applicatur
727 3336 813 3392 aeque
840 3319 874 3374 ad
904 3329 1029 3375 cunctum
1059 3319 1270 3392 universumque
1302 3329 1331 3394 et
1437 3333 1438 3337 ’

257 3421 349 3480 omnia
376 3421 502 3480 universa
533 3431 683 3496 cunctaque
710 3439 741 3478 ac
770 3415 875 3495 singula
905 3439 1091 3494 unaquaeque.
1137 3422 1220 3490 Quam
1246 3423 1334 3494 gemi-
1437 3438 1440 3453 ⁴

167 3521 172 3526 ’
255 3532 320 3597 pato
342 3523 426 3580 verbo
456 3523 503 3578 illo
532 3514 677 3599 πάμπαν
706 3524 839 3579 nomines
884 3523 1042 3580 Germanice
1066 3525 1137 3580 Alles
1158 3524 1218 3584 untl
1238 3523 1329 3596 jedes,

200 3599 214 3614 r
256 3634 354 3684 samurt
377 3626 433 3682 und
463 3625 586 3682 sonders.
631 3627 882 3702 Pampautheismus
913 3627 995 3708 igitur
1025 3628 1203 3702 aequabiliter
1229 3629 1330 3700 synhe-

255 3727 442 3804 pantheismus
462 3735 488 3784 et
503 3729 754 3800 parapantheismns
770 3736 818 3784 est.
863 3728 921 3784 Huu
936 3730 1073 3802 pertinere
1094 3717 1199 3786 videtur
1207 3715 1331 3788 earmen

255 3831 323 3916 illud
338 3813 552 3886 Dschelaleddini
575 3830 649 3904 quod
672 3831 699 3885 in
723 3831 781 3902 ejus
797 3830 896 3886 Divaoo
911 3831 1065 3904 posteriore
1082 3831 1133 3888 sub
1157 3833 1245 3888 littera
1262 3833 1333 3888 mim

197 3955 204 3966 ·
255 3931 355 4013 legitur
389 3932 465 4004 cujus
505 3950 566 3988 earn
596 3933 791 4005 prohibeamur
821 3933 853 3990 ab
884 3934 942 3988 aliis
969 3933 1092 3998 fontibus
1120 3935 1334 3990 conversionem

255 4032 471 4088 Hammerianarn
502 4051 533 4090 ex
560 4033 630 4088 libro
660 4035 718 4106 ejus
745 4036 903 4094 Gesohiehte
929 4037 978 4093 der
1005 4037 1128 4095 schonen
1157 4037 1336 4095 Redatnnste

256 4129 382 4187 Persiens
405 4137 454 4186 cet.
473 4148 499 4202 p.
525 4131 583 4188 191
608 4133 679 4206 typis
701 4135 910 4192 describendum
933 4137 1073 4194 dedimus:

282 4343 284 4350 ,
342 4280 519 4351 „Mosliment
551 4283 740 4343 liebetrunken
760 4289 787 4344 in
811 4291 860 4346 der
879 4287 952 4346 Welt
973 4289 1020 4346 bin
1042 4291 1094 4348 ioh.

384 4382 568 4459 Ungltubiger
590 4385 647 4444 und
667 4387 820 4466 Gltubiger,
842 4393 1010 4465 betrunlenpr
1031 4392 1139 4460 Mincii,
1194 4373 1197 4384 ⁸
