2930 4838
143 607 195 668 bus
224 608 283 667 lere
299 601 372 664 ¹lidei
400 595 569 678 evangelicae
598 603 713 662 saeculis
742 599 874 664 alienum
888 621 949 668 esso
976 607 1098 669 videatur
1112 607 1214 684 'nequo

141 713 214 770 enim
236 709 387 768 berhardus
417 723 508 780 nequo
529 705 652 764 Galovius
680 708 727 781 qui
747 708 890 764 Vaninium
914 710 1022 768 atheum
1036 709 1132 768 luisse
1147 710 1213 768 dicit

141 831 193 872 nec
214 813 400 885 Breithauptus
424 810 562 884 lloenigus
593 826 628 868 ne
660 810 687 866 in
718 790 798 868 tertia
827 791 930 868 decima
957 812 1066 885 quidem
1082 801 1213 870 ¹editione

142 932 221 989 quam
243 932 314 971 enno
342 915 422 970 1711
446 913 519 969 foras
542 913 629 968 emisit
656 921 686 970 ut
707 922 811 970 taceam
833 914 901 970 alios
920 914 1082 987 pantheismi
1102 914 1212 971 nomine

141 1015 244 1087 uspiam
270 1015 314 1070 usi
338 1019 409 1069 sunt
459 1012 506 1068 Vel
529 1012 641 1068 l'olandi
668 1011 720 1067 viri
746 1013 844 1068 famosi
871 1009 1011 1086 popularis
1041 1013 1086 1070 ille
1112 1013 1212 1070 illustri

137 1118 217 1176 laude
240 1116 391 1174 celebratus
413 1115 560 1172 bichardus
582 1114 725 1189 Bentleyus
744 1116 772 1170 in
794 1115 902 1188 scriptis
925 1116 1084 1190 theologicis
1103 1113 1211 1188 (worbs

140 1219 231 1277 edited
252 1218 289 1292 by
302 1219 371 1292 llyoe
392 1217 445 1273 vol.
460 1217 503 1276 tlt.
522 1214 618 1290 1838)
642 1216 803 1290 pantheismi
821 1216 939 1273 nominis
953 1217 1117 1274 mentionem
1132 1231 1210 1290 pror·

139 1337 186 1378 sus
209 1337 264 1378 nou
286 1320 377 1392 injecit
399 1336 552 1394 quanquam
574 1319 602 1375 in
623 1327 685 1376 octo
707 1321 860 1376 orationum
876 1337 1014 1378 sacrarum
1031 1321 1107 1378 annis
1126 1319 1208 1376 loon

140 1431 168 1480 et
197 1422 236 1478 93
261 1423 393 1479 editarum
422 1438 491 1494 quae
522 1421 668 1494 inscriptae
693 1430 773 1478 sunt:
804 1422 849 1478 the
871 1421 947 1496 Folly
969 1423 1022 1478 and
1043 1422 1209 1480 Unreasona·

140 1524 249 1582 bleness
277 1525 308 1580 ol
322 1525 440 1580 Atheism
470 1525 509 1596 (v.
531 1523 549 1580 l.
569 1541 592 1581 c.
616 1525 678 1580 inde
700 1524 733 1580 ab
756 1525 833 1580 initio
848 1515 1013 1601 voluminis)
1035 1535 1111 1599 parte
1131 1525 1208 1584 dimi·

138 1627 209 1684 diota
232 1627 266 1709 de
284 1625 363 1684 'Pauli
386 1627 502 1702 apostoli
513 1627 612 1694 *verbis
644 1628 698 1684 illis
718 1645 787 1700 quae
809 1636 859 1685 act.
885 1629 933 1697 17,
957 1629 997 1686 27
1020 1629 1147 1703 leguntur
1167 1623 1206 1687 di·

138 1730 175 1787 oit
202 1738 228 1785 et
253 1745 408 1800 quanquam
436 1728 470 1783 ad
493 1743 601 1783 causam
629 1735 686 1783 tum
714 1737 823 1786 strenue
849 1728 1003 1786 ventilatam
1025 1745 1096 1786 anno
1122 1729 1203 1794 1713

139 1845 169 1886 se
203 1830 318 1884 contulit
359 1829 503 1884 adversans
539 1828 636 1902 equitis
670 1829 809 1901 cujusdam
837 1821 958 1886 Tolando
989 1829 1205 1900 conjunctissimi

135 1931 245 1988 Antonii
265 1931 361 1986 Collini
390 1929 480 1987 libello
502 1931 535 1986 de
562 1931 686 1988 libertate
712 1931 848 2005 cogitandi
867 1932 969 2004 scripto
996 1927 1081 2009 (unde
1103 1947 1205 1988 nomen

134 2035 301 2092 lrecthinker
331 2029 489 2109 increbuit).
554 2034 593 2090 Gt.
622 2033 716 2088 works
743 2035 760 2088 l.
793 2050 817 2092 c.
848 2051 874 2104 p.
899 2033 960 2092 289
990 2049 1042 2088 ss:
1079 2031 1202 2088 remarks

132 2153 209 2209 upon
236 2155 251 2192 a
273 2135 327 2192 late
349 2125 490 2190 discourse
512 2133 544 2190 oi
562 2133 743 2206 lreetbinliing
767 2133 804 2207 by
822 2133 1035 2192 Phileleutherus
1055 2134 1203 2208 Lipsiensis

135 2253 161 2310 p.
187 2237 249 2294 289
272 2255 308 2292 ss.
333 2225 488 2292 secundum
504 2236 648 2292 editionem
683 2244 803 2292 octavam
826 2238 889 2292 anni
913 2237 1004 2293 1743,
1047 2236 1132 2292 Etiam
1154 2235 1202 2291 Pe·

133 2349 191 2396 trus
212 2339 318 2412 Raplius
341 2339 366 2393 in
394 2355 492 2410 magno
514 2355 563 2394 suo
592 2339 779 2410 promptuario
806 2337 936 2395 historico
962 2339 1111 2411 oritiooque
1138 2353 1202 2410 pan·

132 2442 240 2498 theismi
266 2457 367 2496 nornen
397 2455 431 2495 ne
458 2439 541 2496 verbo
572 2439 680 2512 quidem
711 2447 914 2496 commemorat.
973 2439 1010 2496 lle
1039 2438 1204 2510 ll'enophano
1313 2497 1326 2526 c

135 2541 215 2598 dicit:
236 2541 274 2608 „il
295 2542 366 2598 avoit
389 2559 437 2597 sur
457 2542 482 2598 la
497 2527 593 2599 nature
615 2543 649 2598 de
663 2543 728 2599 llieu
750 2559 803 2599 une
826 2533 937 2616 opinion
960 2542 1007 2615 qui
1026 2541 1097 2598 n’est
1118 2543 1203 2613 guero

104 2657 107 2664 '
132 2640 264 2700 dilbrente
285 2645 322 2699 du
343 2644 542 2716 Spinozisme.“
583 2645 620 2702 lle
642 2645 760 2720 Spinoza
782 2663 847 2703 vero
870 2646 1023 2702 disserens:
1043 2644 1088 2715 „Je
1109 2643 1201 2700 crois“
1258 2623 1262 2633 ⁵

131 2743 219 2816 inquit
241 2729 305 2814 „qu'
323 2743 341 2796 il
365 2751 406 2798 est
427 2743 453 2799 le
475 2745 594 2816 premier
615 2746 661 2818 qui
678 2747 714 2802 ait
738 2745 827 2802 reduit
843 2761 877 2802 eu
894 2746 1011 2819 systdme
1032 2742 1199 2798 l’athdis·
1247 2781 1253 2797 s

79 2883 84 2890 =
130 2847 209 2900 me.“
251 2843 299 2899 Vel
311 2844 456 2901 leibnitius
474 2847 634 2919 pantheismi
653 2865 753 2904 nomen
768 2847 875 2904 silentio
892 2845 1114 2918 praetervehitur,
1136 2844 1200 2900 item

131 2965 199 3021 quae
228 2965 288 3005 mea
318 2955 359 3004 est
387 2949 498 3006 scientia
527 2949 643 3007 Wolfius
679 2960 705 3008 et
732 2949 806 3026 quod
835 2947 924 3007 obiter
954 2946 1076 3020 adjiciam
1104 2943 1199 3020 postea

130 3051 210 3107 otiam
232 3047 393 3106 Bruclaerus.

231 3256 320 3312 Prima
349 3274 413 3314 vero
444 3255 568 3314 vocabuli
604 3255 676 3313 illius
705 3253 816 3328 vestigia
844 3253 916 3328 apud
944 3251 1093 3311 Hibernum
1122 3250 1198 3309 illum

128 3356 277 3414 Tolandum
301 3360 409 3432 quidem
430 3359 638 3432 exploravimus,
664 3357 816 3430 quindecim
839 3365 928 3414 autem
949 3355 1026 3412 annis
1049 3344 1196 3426 anto'pan·

122 3458 269 3518 'theistioon
297 3478 359 3518 cum
388 3461 537 3518 consumtis
563 3460 619 3532 jam
646 3459 734 3516 tribus
763 3460 855 3517 lustris
882 3460 910 3515 in
937 3457 1014 3513 libris
1044 3445 1196 3510 scribendis

126 3561 287 3637 theologicis
310 3572 336 3620 ct
357 3563 474 3636 politicis
493 3564 629 3636 variisque
648 3563 754 3619 casibus
772 3562 888 3634 jactatus
908 3575 978 3616 auno
996 3557 1077 3614 1705
1095 3556 1196 3615 librum

126 3665 200 3718 modi
231 3665 391 3720 duodenarii
418 3665 511 3721 ederet
533 3681 614 3737 quem
635 3666 754 3721 auctoris
776 3663 886 3720 nomine
915 3645 1073 3735 compresso
1100 3659 1196 3716 inscri-

123 3757 195 3832 psit:
217 3763 413 3822 Socinianisme
426 3766 498 3840 truly
512 3767 599 3823 stated
621 3765 703 3840 being
719 3783 753 3822 an
776 3766 896 3840 example
918 3764 950 3820 ol
967 3763 1019 3820 iair
1041 3761 1147 3832 dealing
1168 3759 1197 3820 in

125 3861 300 3934 Theological
322 3866 517 3942 controversus
540 3877 567 3926 to
596 3869 686 3926 which
710 3870 734 3922 is
756 3865 870 3940 prelix'd
891 3865 1067 3921 lndillerence
1089 3863 1117 3917 in
1138 3861 1194 3921 Dis·

124 3974 204 4036 putes
227 3965 438 4022 recommended
453 3969 495 4041 by
517 3988 532 4026 a
552 3971 691 4027 Pantheist
719 3977 747 4024 to
777 3985 810 4024 an
835 3965 973 4023 Orthodox
995 3963 1102 4022 Friend.
1125 3945 1193 4019 Sub·

121 4057 198 4116 'tilius
219 4065 395 4139 anquiramus
418 4075 508 4126 utrum
536 4071 590 4129 hoc
613 4041 784 4127 Pantheistae
812 4083 912 4125 nomen
942 4066 1080 4133 novaverit
1099 4065 1194 4123 'lolan-

126 4158 177 4216 dus
196 4175 230 4214 tn
254 4167 382 4238 aprione
404 4171 495 4244 aliquo
519 4175 662 4246 exceperit.
706 4171 800 4231 Potest
819 4187 884 4229 sane
909 4169 1009 4226 lactum
1029 4177 1139 4227 esseut
1159 4168 1194 4223 ad

125 4258 279 4334 eligendum
307 4264 373 4321 illud
394 4285 487 4327 ansam
510 4271 615 4329 dederit
641 4271 712 4330 liber
741 4273 850 4346 quidam
880 4271 915 4328 de
937 4269 1015 4342 cnjus
1039 4268 1117 4325 titulo
1143 4265 1193 4319 viri

118 4357 197 4419 ‘docti
224 4361 396 4424 tradiderunt
423 4369 504 4426 varia.
560 4371 725 4440 idosbernius
754 4375 826 4434 enim
856 4373 884 4429 in
913 4369 1037 4427 vindiciis
1067 4366 1192 4440 antiquae

942 4462 986 4538 13
