2930 4838
246 663 342 706 sonam
364 644 408 704 dei
427 657 477 706 seo
498 641 579 702 deum
599 641 788 716 mundumque
801 640 867 716 poni
889 637 961 700 idem
982 657 1045 700 esse
1066 642 1327 720 nequo-quemlibet

246 748 294 822 qni
316 746 454 818 contendit
470 743 672 820 quodammodo
694 743 760 800 nihil
781 742 896 800 existere
908 749 983 800 extre
998 742 1079 800 deum
1096 743 1132 804 ob
1146 745 1216 806 banc
1231 747 1316 822 ipsam

246 850 406 908 sententium
428 847 575 921 generatim
594 851 675 921 σαμε
697 851 822 904 universe
842 843 975 919 prolatum
997 846 1174 920 praefandum
1187 849 1318 924 pabulum

246 951 407 1010 Acheruntis
428 967 498 1010 esse.

347 1052 441 1110 Insunt
466 1067 532 1110 vero
562 1050 588 1106 in
618 1048 668 1106 bac
696 1047 857 1122 pantheismi
883 1046 975 1122 specie
1001 1046 1156 1109 discrimina
1175 1052 1320 1124 quaedam

247 1171 317 1227 quoe
339 1152 414 1210 orario
436 1149 559 1207 vocabuli
580 1139 707 1218 παντὸς
729 1164 782 1204 usu
804 1147 968 1204 elliciuntur.
1011 1147 1049 1205 llo
1071 1165 1205 1222 quocum
1220 1152 1318 1210 verbo·

248 1273 309 1314 rum
329 1254 426 1312 similia
447 1251 640 1310 declarantium
663 1249 825 1316 collectores
846 1266 903 1306 non
924 1249 1063 1312 attulerint
1084 1269 1154 1326 quae
1178 1253 1318 1314 sufficiunt

249 1357 419 1430 experiamur
441 1355 561 1412 diuersas
581 1352 641 1424 ejus
663 1351 766 1408 formas
791 1350 911 1408 breviter
932 1351 978 1408 lrio
1005 1369 1180 1426 perpurqare.
1225 1353 1316 1414 Primo

249 1460 340 1519 omnia
361 1457 466 1530 singula
492 1473 562 1529 quae
589 1455 661 1512 inter
682 1470 743 1512 sese
766 1470 876 1528 quoque
897 1453 950 1512 alia
970 1453 1005 1512 ab
1028 1454 1087 1512 aliis
1108 1465 1232 1530 separata
1255 1465 1314 1516 sunt

247 1559 414 1618 secernenda
435 1564 499 1614 suut
517 1555 597 1614 etiam
619 1553 653 1612 ab
676 1569 771 1612 eorum
793 1553 945 1628 complexu.

351 1659 455 1728 Quodsi
475 1653 544 1716 πᾶν
567 1655 601 1714 ad
624 1654 710 1714 solam
734 1655 923 1717 collectionem
944 1655 1062 1714 relertur
1078 1657 1229 1732 nuncupari
1249 1657 1316 1716 solet

248 1750 288 1818 nti
309 1753 378 1818 πᾶν
398 1757 446 1814 das
467 1756 519 1812 nd.
560 1759 595 1812 nt
617 1753 779 1816 vocabulum
810 1755 994 1832 germanicum
1015 1775 1071 1814 nou
1097 1753 1259 1832 parimodo
1280 1767 1314 1817 at·

250 1875 304 1934 quc
327 1875 453 1933 graecum
478 1857 545 1914 illud
565 1857 600 1919 dc
622 1857 874 1931 circumscriptione
896 1859 1016 1935 qualibet
1036 1859 1192 1936 augustiore
1207 1877 1326 1934 quoque.

250 1961 303 2028 dici
324 1969 423 2035 potest
466 1959 524 2016 lloc
548 1958 611 2016 loco
633 1958 758 2016 divinitas
779 1960 890 2040 quidem
912 1962 1027 2036 singulis
1044 1962 1246 2037 quibuscunque
1266 1963 1314 2018 tri·

249 2063 343 2134 buitur
371 2065 423 2120 neo
451 2070 541 2120 muron
570 2061 655 2120 deitas
680 2061 781 2136 quippe
812 2080 882 2137 quae
910 2064 964 2122 soli
989 2065 1143 2144 collectioni
1167 2064 1325 2136 conueniat..

251 2165 345 2238 ltaque
366 2181 466 2224 nomen
487 2165 646 2239 bltgdtterei
666 2180 723 2224 non
745 2168 872 2242 congruit
892 2166 997 2227 formae
1017 2167 1082 2226 bule
1100 2185 1154 2244 qua
1171 2185 1241 2228 uuus
1261 2175 1318 2225 tan-

251 2268 392 2329 tummodo
412 2267 480 2332 deus
499 2267 619 2342 ponitur.

354 2371 456 2431 donum
487 2370 585 2431 iterum
618 2370 721 2428 omnia.
738 2371 875 2431 divorsum
903 2371 1036 2448 quendam
1062 2370 1175 2429 modum
1205 2373 1319 2432 induunt
1432 2324 1434 2365 ι

251 2479 334 2548 prout
355 2471 441 2544 magis
463 2471 607 2544 respicitur
628 2479 656 2530 et
681 2473 758 2546 quasi
787 2491 849 2530 oum
877 2482 990 2530 accentu
1016 2473 1129 2530 ellertur
1155 2482 1203 2531 aut
1230 2477 1320 2532 unitas

252 2582 299 2632 not
320 2572 464 2654 multitudo
486 2582 533 2632 aut
559 2572 814 2648 uerborumque
837 2575 903 2633 boec
920 2575 996 2632 notio
1017 2591 1097 2632 suurn
1117 2591 1239 2646 quaeque
1259 2588 1318 2636 rno-

251 2685 372 2736 mentum
399 2673 576 2749 aequabiliter
600 2683 741 2734 sustentat.
763 2709 808 2724 -
849 2671 926 2736 Πᾶν
953 2677 1038 2751 igitur·
1065 2677 1089 2734 si
1110 2673 1314 2750 murcinctus

251 2797 343 2838 rerum
365 2779 577 2851 compositarum
598 2778 748 2836 discrimini
770 2777 899 2836 delinitur
916 2768 1066 2856 criptarum,
1086 2787 1133 2852 est¹
1149 2776 1225 2834 enirn*
1237 2766 1314 2834 oul-
1436 2784 1437 2821 t

252 2871 377 2960 λήβὸην
399 2875 466 2942 πᾶν
487 2889 518 2940 ut
537 2880 646 2954 saepius
660 2881 733 2956 apud
752 2881 894 2938 Platonem
907 2881 964 2938 sire
977 2874 1210 2952 calceameutis
1229 2865 1316 2936 πᾶν·

251 2999 316 3042 των
338 2981 437 3055 quibus
458 2981 548 3040 verbis
570 2999 637 3040 usus
658 2993 701 3042 est
722 2983 879 3042 Valentinus
897 2983 1050 3042 Gnosticur.
1092 2984 1121 3040 ln
1142 2982 1257 3055 linguam
1279 2979 1315 3034 la·

252 3085 334 3142 tinam
361 3091 451 3142 vertas
479 3083 612 3142 vocabulo
642 3085 731 3144 cuncti
759 3086 834 3161 qood
864 3085 976 3144 minime
1002 3093 1040 3148 ut¹
1059 3085 1219 3172 quibusdam
1248 3097 1271 3138 e.
1292 3097 1319 3154 g.

252 3185 433 3247 lloederleiuo
469 3187 526 3244 bat.
555 3185 620 3262 Spu.
647 3189 690 3246 lV.
712 3206 739 3262 p.
768 3187 841 3246 359.
870 3188 972 3262 placuit
1005 3185 1152 3260 respondet
1185 3172 1323 3266 ἅπαντι.Ι
1435 3206 1439 3247 t

253 3287 396 3360 Antiquior
424 3287 497 3368 enim
523 3297 565 3346 est
593 3290 727 3349 sententia
752 3305 848 3348 eorum
879 3290 927 3364 qui
954 3305 1017 3347 curn
1037 3289 1130 3345 llralto
1161 3285 1228 3358 (lon.
1250 3301 1272 3339 s.
1294 3299 1320 3338 u.

253 3383 302 3466 all)
339 3377 473 3464 σύμπαν
506 3398 632 3448 cunctum
668 3409 730 3477 espc
764 3393 865 3451 dicunt.
928 3393 1050 3472 Namque
1074 3382 1158 3447 ‘inest
1188 3384 1321 3444 vocabulo

253 3491 343 3550 cuncti
362 3491 527 3564 praepositio
548 3509 611 3552 curn
631 3511 704 3568 quae
722 3512 818 3554 rursus
833 3497 988 3572 propinqua
1004 3503 1044 3559 est
1057 3493 1222 3550 Graecorum
1244 3503 1323 3561 prae·
1443 3527 1444 3554 p

253 3593 383 3667 positioni
398 3587 468 3654 σύν.
510 3585 654 3671 Σὺμπαν
674 3596 732 3654 sive
755 3608 882 3656 cunctum
905 3599 1063 3656 Germanice
1090 3596 1162 3652 dicas
1185 3591 1251 3649 alles
1273 3589 1322 3646 mit

253 3695 391 3756 einander.
435 3695 565 3754 Similiter
595 3695 694 3756 dicitur
719 3699 810 3756 omnia
836 3701 870 3758 ad
896 3717 981 3757 unum
1004 3697 1070 3756 alles
1090 3699 1254 3768 {zusammen
1274 3689 1322 3746 das

253 3799 428 3869 beisammcn.
471 3798 615 3859 lloctrinne
635 3813 705 3876 quac
731 3803 811 3860 doum
838 3797 973 3880 σύμπαν
1000 3819 1062 3860 esso
1084 3799 1149 3859 dicit
1171 3793 1323 3869 exemplum

253 3899 317 3960 licet
337 3899 499 3960 vocabulum
527 3891 619 3962 ἅπαν
646 3903 788 3986 irrepserit
811 3921 999 3980 proponamus
1030 3904 1074 3961 dci
1102 3899 1185 3959 uerba
1211 3899 1245 3956 ad
1274 3896 1324 3951 ini·

253 3988 334 4061 tiatos
366 4017 435 4074 queo
464 4001 579 4076 lbqiurus
604 4003 632 4060 in
655 4003 846 4064 Gnosticorum
868 4006 1040 4080 quorundam
1070 4001 1210 4076 evangelio
1231 3997 1323 4052 brace

254 4093 318 4179 ἐγώ
335 4093 375 4160 σύ
392 4094 448 4160 καὶ
465 4094 506 4162 σὺ
528 4094 593 4182 ἐγὼ
615 4097 672 4166 καὶ
690 4099 755 4187 ἐγὼ
777 4100 817 4169 σύ
838 4103 896 4170 ναὶ
914 4099 955 4170 σὺ
977 4097 1054 4188 ἐγώ·
1076 4099 1134 4166 καὶ
1155 4093 1243 4164 ὅπου
1266 4087 1326 4160 ἐὰν

254 4183 295 4283 ᾗς
314 4189 378 4276 e'yui
401 4190 470 4258 ἐκεῖ
483 4189 556 4274 ,εἰμι
576 4195 632 4262 aad
652 4197 688 4265 ἐν
708 4195 834 4267 ἅπασίν
856 4199 924 4285 εἶμι
939 4199 1150 4289 ἐσπαρμένος
1164 4192 1221 4262 καὶ
1242 4189 1327 4258 ὅθεν

255 4292 315 4362 ἐὰν
335 4291 441 4380 θέλῃς
462 4291 630 4378 συλλέγεις
649 4320 693 4381 με
721 4299 781 4383 ἐμὲ
808 4302 848 4370 dd
872 4301 1038 4388 συλλέγων
1065 4296 1184 4367 ἑαυτὸν
1207 4291 1327 4363 oolli-

255 4415 334 4479 μσς.
376 4398 506 4473 Epiphan.
529 4399 634 4462 haeres.
661 4405 713 4466 ed.
736 4423 760 4466 c.
784 4409 812 4469 8.
843 4409 1107 4488 Θμσμσσισσίεαισα
1135 4407 1218 4482 igitur
1239 4400 1329 4458 nomi-
