2934 4848
243 1356 379 1454 Proiecto
409 1388 612 1466 inquisitionem
634 1391 785 1444 accuratam
808 1381 956 1444 sententiaa
980 1400 1050 1461 quae
1072 1384 1132 1456 sola
1153 1403 1204 1448 suo

129 1496 193 1574 jure
206 1496 368 1572 pantheismi
380 1495 481 1552 nomini
495 1489 638 1551 tribuenda
652 1487 687 1545 sit
699 1505 811 1547 necesse
825 1496 866 1548 est
876 1489 926 1548 hac
938 1469 1071 1548 aetate-ub
1081 1491 1206 1566 unoquo·

130 1619 185 1678 quc
200 1601 247 1676 qni
264 1597 421 1656 notionibus
437 1597 476 1654 uti
490 1594 630 1653 consuevit
645 1591 724 1649 claris
745 1591 933 1666 distinctisque
947 1609 1122 1667 cummopere
1136 1593 1206 1653 desi·

130 1703 221 1762 derari
235 1718 296 1760 cnm
311 1700 447 1759 doctrinas
464 1698 564 1756 mirum
580 1704 710 1770 quantum
724 1693 843 1752 diversas
865 1694 917 1752 sub
936 1711 1019 1753 unam
1032 1697 1102 1754 hanc
1115 1697 1205 1776 lllyco·

129 1821 197 1864 oum
211 1812 242 1859 ut
254 1803 282 1858 in
296 1801 442 1874 proverbio
458 1807 499 1856 ost
514 1796 638 1856 converri
652 1793 878 1854 animadverterit
920 1793 1051 1853 Usitatum
1066 1798 1138 1854 enim
1152 1807 1203 1870 est,

42 1944 47 1957 .
130 1899 232 1962 nomen
243 1902 310 1958 illud
323 1910 448 1974 tanquam
463 1898 631 1973 agglutinare
646 1897 679 1953 ad
696 1895 885 1953 ethnicismum
898 1897 1039 1971 antiquom
1052 1899 1129 1972 quasi
1142 1908 1205 1974 apte

130 2005 164 2064 ad
177 2021 240 2062 eum
252 2003 394 2061 conveniat
406 2013 460 2074 qtto
475 2001 546 2057 lactc
561 2015 619 2056 rem
640 1997 790 2054 conlectam
809 2005 928 2054 censent.
973 1997 1061 2076 Quare
1082 1996 1203 2074 philoso-

130 2107 212 2180 phiae
231 2106 325 2162 aetatis
347 2105 391 2160 vix
412 2102 574 2176 praeteritae
604 2099 704 2172 quibus
726 2105 791 2152 nota
819 2097 865 2152 illa
894 2096 928 2152 ab
949 2096 1110 2156 adversariis
1132 2115 1205 2156 mor·

133 2205 226 2260 dacius
247 2205 337 2258 inusta
358 2210 407 2269 est,
426 2200 584 2273 saepissime
607 2198 743 2254 ducuntur
755 2197 957 2270 quodammodo
979 2199 1111 2272 sapientia
1122 2200 1203 2258 Grae·

134 2305 194 2360 cula
217 2302 358 2375 interpola.
402 2301 500 2356 Verum
529 2298 609 2355 eliam
630 2289 714 2353 iliosis
736 2281 833 2370 religio
856 2313 956 2352 nomen
984 2298 1052 2352 illud
1073 2298 1204 2372 defugere

131 2423 188 2462 non
209 2405 298 2479 potuit
326 2413 406 2476 atque
435 2402 503 2457 adeo
526 2416 582 2455 nou
604 2396 687 2454 semel
710 2396 762 2453 sibi
783 2396 835 2454 uisi
859 2405 923 2454 sunt
943 2398 1067 2457 homiues
1089 2400 1204 2462 subtiles

134 2508 242 2564 odorati
265 2522 326 2562 esse
345 2502 550 2576 ¹proclivitatem
579 2499 614 2556 ad
645 2499 844 2574 pantheismum
873 2499 902 2555 in
936 2502 1088 2575 praeceptis
1117 2503 1204 2578 ipsius

25 2667 27 2672 .
133 2609 263 2668 ecclesiae
284 2606 432 2664 catholicae
452 2620 522 2678 quae
540 2618 637 2658 rursus
662 2617 719 2656 uon
737 2601 855 2680 cessavit
878 2602 981 2662 crimen
1002 2603 1069 2660 illud
1087 2607 1205 2666 reddere

131 2709 345 2788 protestantibus
371 2705 522 2763 haereticis.
573 2703 688 2760 Omnino
717 2689 817 2760 Christi
844 2695 968 2762 doctrina
995 2707 1204 2780 aquibusdam

134 2811 181 2886 qui
203 2807 402 2882 profitebantur
428 2820 502 2872 eam,
525 2819 576 2875 per
593 2802 756 2874 pantheismi
779 2819 880 2860 nomen
900 2803 1054 2876 praedicata
1076 2815 1126 2864 est.
1169 2809 1204 2866 Et

133 2907 262 2984 quoniam
284 2901 437 2970 llulnamedi
458 2899 613 2974 praeceptio
644 2899 748 2955 fructus
772 2899 856 2956 edidit
884 2899 931 2973 qui
952 2902 1063 2974 proprie
1082 2905 1204 2976 panthei·¹

133 3009 193 3065 sticl
215 3003 394 3078 compellandi
416 3017 477 3058 esse
504 2999 554 3055 visi
585 3006 649 3055 sunt
676 2998 740 3073 quid
760 2999 859 3054 mirum
887 2998 911 3054 si
933 2999 994 3072 quis
1013 3004 1204 3062 eorum'radi·

133 3125 192 3166 cem
209 3107 236 3162 in
259 3105 319 3178 ipso
342 3118 444 3160 curano
466 3117 528 3158 sese
550 3099 686 3172 reperisse
705 3098 822 3171 prodatl
867 3097 1025 3172 Quicunque
1046 3102 1204 3176 igitur'hoc

132 3204 294 3282 pantheismi
320 3218 428 3259 carmen
448 3201 543 3274 utique
569 3197 690 3272 elingere
710 3196 822 3265 volunt,
851 3197 895 3253 ria
922 3197 1009 3255 sciant
1038 3211 1202 3300 quopacto

133 3307 193 3378 fieri
214 3303 301 3377 possit
322 3319 508 3376 quorsumque
529 3319 560 3359 se
585 3307 744 3358 convertant
763 3315 798 3355 ue
819 3297 981 3374 Charybdim
1002 3301 1117 3360 vitantes
1138 3303 1204 3362 incl·

133 3404 246 3464 dantia
270 3401 387 3477 Scyllam
410 3418 442 3459 ac
461 3401 525 3473 jure
546 3401 662 3457 clament
684 3418 745 3458 cum
758 3401 885 3458 Horatio:
907 3417 962 3474 quo
985 3410 1091 3460 teneam
1112 3404 1203 3462 vultus

132 3513 280 3563 mutantem
301 3503 399 3562 Protea
428 3503 522 3560 codol
540 3533 585 3544 —-
636 3502 720 3572 Quam
749 3503 785 3560 ob
813 3520 871 3562 rem
895 3519 952 3559 non
981 3504 1076 3563 inutile
1098 3507 1204 3564 censui·

132 3627 193 3666 mus
223 3607 389 3682 quaestionis
410 3615 581 3681 praesentem
609 3606 797 3664 condicionem
819 3606 1027 3680 circumspicere
1048 3616 1075 3666 et
1095 3608 1204 3668 investi·

135 3729 199 3784 gare
229 3728 298 3783 quae
327 3712 450 3768 doctrina
476 3712 588 3785 proprie
614 3697 738 3768 habenda
766 3713 801 3768 sit
828 3712 1013 3786 pantheistica.
1062 3714 1104 3771 nd
1134 3717 1205 3774 hanc

133 3827 199 3867 vero
223 3828 280 3866 rem
309 3811 510 3883 disceptandam
539 3812 653 3868 maxime
680 3813 913 3871 accommodatum
943 3830 1005 3871 esse
1033 3814 1156 3872 uideatur
1180 3813 1205 3872 si

21 3929 22 3944 1
129 3903 223 3984 primo
253 3908 315 3963 loco
338 3901 509 3980 exploremus
530 3911 638 3968 cuinam
659 3909 850 3982 significandae
872 3913 1021 3970 sententiae
1041 3913 1205 3974 vocabulum

134 4009 201 4067 illud
221 4010 256 4067 de
278 4025 332 4084 quo
353 4009 493 4082 quaeritur
511 4009 587 4065 initio
611 4007 756 4065 confictum
777 4009 829 4078 sit,
852 4011 949 4068 deiude
969 4030 1050 4070 usum
1071 4016 1206 4088 posterio-

135 4125 192 4165 rem
215 4111 304 4183 quoad
325 4109 370 4166 hic
389 4109 448 4166 lieri
469 4117 559 4184 potest
582 4125 757 4184 exponamus,
779 4109 896 4184 denique
917 4112 1024 4169 auditis·
1037 4115 1204 4174 Graecorum

134 4209 303 4284 philosophis
334 4209 496 4284 quibusdam
525 4211 694 4287 principibus
722 4211 885 4288 linguaeque
907 4213 1012 4274 ratione
1040 4215 1132 4276 habita
1153 4199 1206 4292 ipsi

134 4312 304 4390 experiamur
324 4312 437 4374 delinire
454 4315 617 4390 pantheismi
638 4323 763 4377 naturam
785 4313 866 4394 atque
887 4317 1003 4394 species.

357 4437 364 4444 ·
739 4435 741 4439 ’
984 4421 1001 4480 1
